%YAML 1.1
%TAG !u! tag:unity3d.com,2011:
--- !u!1 &5163288317882464788
GameObject:
  m_ObjectHideFlags: 0
  m_CorrespondingSourceObject: {fileID: 0}
  m_PrefabInstance: {fileID: 0}
  m_PrefabAsset: {fileID: 0}
  serializedVersion: 6
  m_Component:
  - component: {fileID: 7713343321493687073}
  - component: {fileID: 4531960052967342650}
  - component: {fileID: 1494128725212036573}
  - component: {fileID: 291692585302305791}
  m_Layer: 0
  m_Name: MainBackground
  m_TagString: Untagged
  m_Icon: {fileID: 0}
  m_NavMeshLayer: 0
  m_StaticEditorFlags: 0
  m_IsActive: 1
--- !u!224 &7713343321493687073
RectTransform:
  m_ObjectHideFlags: 0
  m_CorrespondingSourceObject: {fileID: 0}
  m_PrefabInstance: {fileID: 0}
  m_PrefabAsset: {fileID: 0}
  m_GameObject: {fileID: 5163288317882464788}
  m_LocalRotation: {x: -0, y: -0, z: -0, w: 1}
  m_LocalPosition: {x: 0, y: 0, z: 0}
  m_LocalScale: {x: 1, y: 1, z: 1}
  m_ConstrainProportionsScale: 1
  m_Children: []
  m_Father: {fileID: 721533094921904975}
  m_LocalEulerAnglesHint: {x: 0, y: 0, z: 0}
  m_AnchorMin: {x: 0.5, y: 0.5}
  m_AnchorMax: {x: 0.5, y: 0.5}
  m_AnchoredPosition: {x: 0, y: 0}
  m_SizeDelta: {x: 1883, y: 2442.2952}
  m_Pivot: {x: 0.5, y: 0.5}
--- !u!222 &4531960052967342650
CanvasRenderer:
  m_ObjectHideFlags: 0
  m_CorrespondingSourceObject: {fileID: 0}
  m_PrefabInstance: {fileID: 0}
  m_PrefabAsset: {fileID: 0}
  m_GameObject: {fileID: 5163288317882464788}
  m_CullTransparentMesh: 1
--- !u!114 &1494128725212036573
MonoBehaviour:
  m_ObjectHideFlags: 0
  m_CorrespondingSourceObject: {fileID: 0}
  m_PrefabInstance: {fileID: 0}
  m_PrefabAsset: {fileID: 0}
  m_GameObject: {fileID: 5163288317882464788}
  m_Enabled: 1
  m_EditorHideFlags: 0
  m_Script: {fileID: 11500000, guid: fe87c0e1cc204ed48ad3b37840f39efc, type: 3}
  m_Name: 
  m_EditorClassIdentifier: 
  m_Material: {fileID: 0}
  m_Color: {r: 1, g: 1, b: 1, a: 1}
  m_RaycastTarget: 1
  m_RaycastPadding: {x: 0, y: 0, z: 0, w: 0}
  m_Maskable: 1
  m_OnCullStateChanged:
    m_PersistentCalls:
      m_Calls: []
  m_Sprite: {fileID: 21300000, guid: c64bd111e9a655a4cb1fc38bdddaa72c, type: 3}
  m_Type: 0
  m_PreserveAspect: 1
  m_FillCenter: 1
  m_FillMethod: 4
  m_FillAmount: 1
  m_FillClockwise: 1
  m_FillOrigin: 0
  m_UseSpriteMesh: 0
  m_PixelsPerUnitMultiplier: 1
--- !u!114 &291692585302305791
MonoBehaviour:
  m_ObjectHideFlags: 0
  m_CorrespondingSourceObject: {fileID: 0}
  m_PrefabInstance: {fileID: 0}
  m_PrefabAsset: {fileID: 0}
  m_GameObject: {fileID: 5163288317882464788}
  m_Enabled: 1
  m_EditorHideFlags: 0
  m_Script: {fileID: 11500000, guid: 306cc8c2b49d7114eaa3623786fc2126, type: 3}
  m_Name: 
  m_EditorClassIdentifier: 
  m_IgnoreLayout: 1
  m_MinWidth: -1
  m_MinHeight: -1
  m_PreferredWidth: -1
  m_PreferredHeight: -1
  m_FlexibleWidth: -1
  m_FlexibleHeight: -1
  m_LayoutPriority: 1
--- !u!1 &7392915174110574792
GameObject:
  m_ObjectHideFlags: 0
  m_CorrespondingSourceObject: {fileID: 0}
  m_PrefabInstance: {fileID: 0}
  m_PrefabAsset: {fileID: 0}
  serializedVersion: 6
  m_Component:
  - component: {fileID: 721533094921904975}
  - component: {fileID: 5328452050547258854}
  - component: {fileID: 735291000634049814}
  - component: {fileID: 4321371318800771801}
  - component: {fileID: 7210787345473681464}
  m_Layer: 0
  m_Name: TicketUI
  m_TagString: Untagged
  m_Icon: {fileID: 0}
  m_NavMeshLayer: 0
  m_StaticEditorFlags: 0
  m_IsActive: 1
--- !u!224 &721533094921904975
RectTransform:
  m_ObjectHideFlags: 0
  m_CorrespondingSourceObject: {fileID: 0}
  m_PrefabInstance: {fileID: 0}
  m_PrefabAsset: {fileID: 0}
  m_GameObject: {fileID: 7392915174110574792}
  m_LocalRotation: {x: 0, y: 0, z: 0, w: 1}
  m_LocalPosition: {x: 0, y: 0, z: 0}
  m_LocalScale: {x: 1, y: 1, z: 1}
  m_ConstrainProportionsScale: 0
  m_Children:
  - {fileID: 7713343321493687073}
  - {fileID: 5288136432023799428}
  - {fileID: 1342284456423945690}
  - {fileID: 9130502833353832196}
  - {fileID: 270090586899327898}
  - {fileID: 166219635952398574}
  m_Father: {fileID: 0}
  m_LocalEulerAnglesHint: {x: 0, y: 0, z: 0}
  m_AnchorMin: {x: 0, y: 0}
  m_AnchorMax: {x: 1, y: 1}
  m_AnchoredPosition: {x: 0, y: 0}
  m_SizeDelta: {x: 0, y: 0}
  m_Pivot: {x: 0.5, y: 0.5}
--- !u!222 &5328452050547258854
CanvasRenderer:
  m_ObjectHideFlags: 0
  m_CorrespondingSourceObject: {fileID: 0}
  m_PrefabInstance: {fileID: 0}
  m_PrefabAsset: {fileID: 0}
  m_GameObject: {fileID: 7392915174110574792}
  m_CullTransparentMesh: 1
--- !u!114 &735291000634049814
MonoBehaviour:
  m_ObjectHideFlags: 0
  m_CorrespondingSourceObject: {fileID: 0}
  m_PrefabInstance: {fileID: 0}
  m_PrefabAsset: {fileID: 0}
  m_GameObject: {fileID: 7392915174110574792}
  m_Enabled: 1
  m_EditorHideFlags: 0
  m_Script: {fileID: 11500000, guid: fe87c0e1cc204ed48ad3b37840f39efc, type: 3}
  m_Name: 
  m_EditorClassIdentifier: 
  m_Material: {fileID: 0}
  m_Color: {r: 0.027450982, g: 0.06666667, b: 0.16862746, a: 1}
  m_RaycastTarget: 1
  m_RaycastPadding: {x: 0, y: 0, z: 0, w: 0}
  m_Maskable: 1
  m_OnCullStateChanged:
    m_PersistentCalls:
      m_Calls: []
  m_Sprite: {fileID: 21300000, guid: 582af47dd6a04b842afde929d5dbd546, type: 3}
  m_Type: 0
  m_PreserveAspect: 0
  m_FillCenter: 1
  m_FillMethod: 4
  m_FillAmount: 1
  m_FillClockwise: 1
  m_FillOrigin: 0
  m_UseSpriteMesh: 0
  m_PixelsPerUnitMultiplier: 1
--- !u!114 &4321371318800771801
MonoBehaviour:
  m_ObjectHideFlags: 0
  m_CorrespondingSourceObject: {fileID: 0}
  m_PrefabInstance: {fileID: 0}
  m_PrefabAsset: {fileID: 0}
  m_GameObject: {fileID: 7392915174110574792}
  m_Enabled: 1
  m_EditorHideFlags: 0
  m_Script: {fileID: 11500000, guid: f8f651d7d03ee684daf0831450cdf0b9, type: 3}
  m_Name: 
  m_EditorClassIdentifier: 
  FrontDecor: {fileID: 1500018281044460697}
  welcomePanelPrefab: {fileID: 6558475101352396401, guid: 6ba10d66e4a65cd41a618c7779b02a0f, type: 3}
  balance: {fileID: 4893091479061183724}
  HowToPlay: {fileID: 8601115333808510003}
  fieldContent: {fileID: 5834364351191561486}
  unknownCellPrefab: {fileID: 8440562097102580089, guid: 511efa0cf88dbde4fa2bc3d853316029, type: 3}
  cellBackgroundPrefabs:
  - {fileID: 3215387555297035703, guid: a6c80dfb721433a4380df4e2e98da0e0, type: 3}
  - {fileID: 5910007275725134113, guid: a99b69afaa98e8f479376d78977680b4, type: 3}
  - {fileID: 5910007275725134113, guid: 07551801a49754e438b52303d7963ed8, type: 3}
  - {fileID: 5910007275725134113, guid: d7d2717d71f19e54e9e950e4b24a8241, type: 3}
  - {fileID: 5910007275725134113, guid: b660e2978ffd320479b4c25845f329f5, type: 3}
  - {fileID: 5910007275725134113, guid: 7a0ffa0dd6ead8d44ab59f3cc4d5106e, type: 3}
  attemptsMinus: {fileID: 9009760085138661747}
  attemptsPlus: {fileID: 3048220797359235618}
  attemptsCount: {fileID: 8814020697816020181}
  currentProfit: {fileID: 1656259048585686602}
  currentProfitInfo: {fileID: 1376326280291090523}
  darkBar: {fileID: 3668102122884014859}
  bidMinus: {fileID: 6518730502964108523}
  bidPlus: {fileID: 7537304395139580090}
  playButton: {fileID: 4987390098924964511}
  playText: {fileID: 5984040778493371741}
  bidAmount: {fileID: 4281203721806449251}
  bidAmountText: {fileID: 4888447323781614989}
--- !u!114 &7210787345473681464
MonoBehaviour:
  m_ObjectHideFlags: 0
  m_CorrespondingSourceObject: {fileID: 0}
  m_PrefabInstance: {fileID: 0}
  m_PrefabAsset: {fileID: 0}
  m_GameObject: {fileID: 7392915174110574792}
  m_Enabled: 1
  m_EditorHideFlags: 0
  m_Script: {fileID: 11500000, guid: 59f8146938fff824cb5fd77236b75775, type: 3}
  m_Name: 
  m_EditorClassIdentifier: 
  m_Padding:
    m_Left: 0
    m_Right: 0
    m_Top: 0
    m_Bottom: 0
  m_ChildAlignment: 4
  m_Spacing: 20
  m_ChildForceExpandWidth: 1
  m_ChildForceExpandHeight: 0
  m_ChildControlWidth: 0
  m_ChildControlHeight: 0
  m_ChildScaleWidth: 0
  m_ChildScaleHeight: 0
  m_ReverseArrangement: 0
--- !u!1 &8001157653341331999
GameObject:
  m_ObjectHideFlags: 0
  m_CorrespondingSourceObject: {fileID: 0}
  m_PrefabInstance: {fileID: 0}
  m_PrefabAsset: {fileID: 0}
  serializedVersion: 6
  m_Component:
  - component: {fileID: 166219635952398574}
  - component: {fileID: 8257511297543231632}
  - component: {fileID: 1500018281044460697}
  - component: {fileID: 3433430953208791340}
  m_Layer: 0
  m_Name: FrontDecor
  m_TagString: Untagged
  m_Icon: {fileID: 0}
  m_NavMeshLayer: 0
  m_StaticEditorFlags: 0
  m_IsActive: 0
--- !u!224 &166219635952398574
RectTransform:
  m_ObjectHideFlags: 0
  m_CorrespondingSourceObject: {fileID: 0}
  m_PrefabInstance: {fileID: 0}
  m_PrefabAsset: {fileID: 0}
  m_GameObject: {fileID: 8001157653341331999}
  m_LocalRotation: {x: -0, y: -0, z: -0, w: 1}
  m_LocalPosition: {x: 0, y: 0, z: 0}
  m_LocalScale: {x: 1, y: 1, z: 1}
  m_ConstrainProportionsScale: 1
  m_Children: []
  m_Father: {fileID: 721533094921904975}
  m_LocalEulerAnglesHint: {x: 0, y: 0, z: 0}
  m_AnchorMin: {x: 0, y: 0}
  m_AnchorMax: {x: 1, y: 1}
  m_AnchoredPosition: {x: 0, y: 0}
  m_SizeDelta: {x: 0, y: 0}
  m_Pivot: {x: 0.5, y: 0.5}
--- !u!222 &8257511297543231632
CanvasRenderer:
  m_ObjectHideFlags: 0
  m_CorrespondingSourceObject: {fileID: 0}
  m_PrefabInstance: {fileID: 0}
  m_PrefabAsset: {fileID: 0}
  m_GameObject: {fileID: 8001157653341331999}
  m_CullTransparentMesh: 1
--- !u!114 &1500018281044460697
MonoBehaviour:
  m_ObjectHideFlags: 0
  m_CorrespondingSourceObject: {fileID: 0}
  m_PrefabInstance: {fileID: 0}
  m_PrefabAsset: {fileID: 0}
  m_GameObject: {fileID: 8001157653341331999}
  m_Enabled: 1
  m_EditorHideFlags: 0
  m_Script: {fileID: 11500000, guid: fe87c0e1cc204ed48ad3b37840f39efc, type: 3}
  m_Name: 
  m_EditorClassIdentifier: 
  m_Material: {fileID: 0}
  m_Color: {r: 0.027450982, g: 0.06666667, b: 0.16862746, a: 1}
  m_RaycastTarget: 0
  m_RaycastPadding: {x: 0, y: 0, z: 0, w: 0}
  m_Maskable: 1
  m_OnCullStateChanged:
    m_PersistentCalls:
      m_Calls: []
  m_Sprite: {fileID: 21300000, guid: 582af47dd6a04b842afde929d5dbd546, type: 3}
  m_Type: 0
  m_PreserveAspect: 0
  m_FillCenter: 1
  m_FillMethod: 4
  m_FillAmount: 1
  m_FillClockwise: 1
  m_FillOrigin: 0
  m_UseSpriteMesh: 0
  m_PixelsPerUnitMultiplier: 1
--- !u!114 &3433430953208791340
MonoBehaviour:
  m_ObjectHideFlags: 0
  m_CorrespondingSourceObject: {fileID: 0}
  m_PrefabInstance: {fileID: 0}
  m_PrefabAsset: {fileID: 0}
  m_GameObject: {fileID: 8001157653341331999}
  m_Enabled: 1
  m_EditorHideFlags: 0
  m_Script: {fileID: 11500000, guid: 306cc8c2b49d7114eaa3623786fc2126, type: 3}
  m_Name: 
  m_EditorClassIdentifier: 
  m_IgnoreLayout: 1
  m_MinWidth: -1
  m_MinHeight: -1
  m_PreferredWidth: -1
  m_PreferredHeight: -1
  m_FlexibleWidth: -1
  m_FlexibleHeight: -1
  m_LayoutPriority: 1
--- !u!1001 &394169367607886957
PrefabInstance:
  m_ObjectHideFlags: 0
  serializedVersion: 2
  m_Modification:
    serializedVersion: 3
    m_TransformParent: {fileID: 721533094921904975}
    m_Modifications:
    - target: {fileID: 488591110014529527, guid: af4fe3133667ac84d9a76eba67109164, type: 3}
      propertyPath: m_Pivot.x
      value: 0.5
      objectReference: {fileID: 0}
    - target: {fileID: 488591110014529527, guid: af4fe3133667ac84d9a76eba67109164, type: 3}
      propertyPath: m_Pivot.y
      value: 0.5
      objectReference: {fileID: 0}
    - target: {fileID: 488591110014529527, guid: af4fe3133667ac84d9a76eba67109164, type: 3}
      propertyPath: m_AnchorMax.x
      value: 0
      objectReference: {fileID: 0}
    - target: {fileID: 488591110014529527, guid: af4fe3133667ac84d9a76eba67109164, type: 3}
      propertyPath: m_AnchorMax.y
      value: 0
      objectReference: {fileID: 0}
    - target: {fileID: 488591110014529527, guid: af4fe3133667ac84d9a76eba67109164, type: 3}
      propertyPath: m_AnchorMin.x
      value: 0
      objectReference: {fileID: 0}
    - target: {fileID: 488591110014529527, guid: af4fe3133667ac84d9a76eba67109164, type: 3}
      propertyPath: m_AnchorMin.y
      value: 0
      objectReference: {fileID: 0}
    - target: {fileID: 488591110014529527, guid: af4fe3133667ac84d9a76eba67109164, type: 3}
      propertyPath: m_SizeDelta.x
      value: 647
      objectReference: {fileID: 0}
    - target: {fileID: 488591110014529527, guid: af4fe3133667ac84d9a76eba67109164, type: 3}
      propertyPath: m_SizeDelta.y
      value: 75
      objectReference: {fileID: 0}
    - target: {fileID: 488591110014529527, guid: af4fe3133667ac84d9a76eba67109164, type: 3}
      propertyPath: m_LocalPosition.x
      value: 0
      objectReference: {fileID: 0}
    - target: {fileID: 488591110014529527, guid: af4fe3133667ac84d9a76eba67109164, type: 3}
      propertyPath: m_LocalPosition.y
      value: 0
      objectReference: {fileID: 0}
    - target: {fileID: 488591110014529527, guid: af4fe3133667ac84d9a76eba67109164, type: 3}
      propertyPath: m_LocalPosition.z
      value: 0
      objectReference: {fileID: 0}
    - target: {fileID: 488591110014529527, guid: af4fe3133667ac84d9a76eba67109164, type: 3}
      propertyPath: m_LocalRotation.w
      value: 1
      objectReference: {fileID: 0}
    - target: {fileID: 488591110014529527, guid: af4fe3133667ac84d9a76eba67109164, type: 3}
      propertyPath: m_LocalRotation.x
      value: -0
      objectReference: {fileID: 0}
    - target: {fileID: 488591110014529527, guid: af4fe3133667ac84d9a76eba67109164, type: 3}
      propertyPath: m_LocalRotation.y
      value: -0
      objectReference: {fileID: 0}
    - target: {fileID: 488591110014529527, guid: af4fe3133667ac84d9a76eba67109164, type: 3}
      propertyPath: m_LocalRotation.z
      value: -0
      objectReference: {fileID: 0}
    - target: {fileID: 488591110014529527, guid: af4fe3133667ac84d9a76eba67109164, type: 3}
      propertyPath: m_AnchoredPosition.x
      value: 0
      objectReference: {fileID: 0}
    - target: {fileID: 488591110014529527, guid: af4fe3133667ac84d9a76eba67109164, type: 3}
      propertyPath: m_AnchoredPosition.y
      value: 0
      objectReference: {fileID: 0}
    - target: {fileID: 488591110014529527, guid: af4fe3133667ac84d9a76eba67109164, type: 3}
      propertyPath: m_LocalEulerAnglesHint.x
      value: 0
      objectReference: {fileID: 0}
    - target: {fileID: 488591110014529527, guid: af4fe3133667ac84d9a76eba67109164, type: 3}
      propertyPath: m_LocalEulerAnglesHint.y
      value: 0
      objectReference: {fileID: 0}
    - target: {fileID: 488591110014529527, guid: af4fe3133667ac84d9a76eba67109164, type: 3}
      propertyPath: m_LocalEulerAnglesHint.z
      value: 0
      objectReference: {fileID: 0}
    - target: {fileID: 1110180034475023571, guid: af4fe3133667ac84d9a76eba67109164, type: 3}
      propertyPath: m_StringReference.m_TableEntryReference.m_KeyId
      value: 69697990656
      objectReference: {fileID: 0}
    - target: {fileID: 1110180034475023571, guid: af4fe3133667ac84d9a76eba67109164, type: 3}
      propertyPath: m_StringReference.m_TableReference.m_TableCollectionName
      value: GUID:33c34250592c669418ce82a61e7e81b8
      objectReference: {fileID: 0}
    - target: {fileID: 1476592293195286197, guid: af4fe3133667ac84d9a76eba67109164, type: 3}
      propertyPath: m_Sprite
      value: 
      objectReference: {fileID: 21300000, guid: 7642e32ef80614f448fd395a64414497, type: 3}
    - target: {fileID: 2896396011655821813, guid: af4fe3133667ac84d9a76eba67109164, type: 3}
      propertyPath: m_Sprite
      value: 
      objectReference: {fileID: 21300000, guid: 2052a41d185c49541a8be98062ccdfe3, type: 3}
    - target: {fileID: 3285360273760830251, guid: af4fe3133667ac84d9a76eba67109164, type: 3}
      propertyPath: m_Name
      value: BottomBar2
      objectReference: {fileID: 0}
    - target: {fileID: 3303816478180392022, guid: af4fe3133667ac84d9a76eba67109164, type: 3}
      propertyPath: m_AnchoredPosition.x
      value: -127.7
      objectReference: {fileID: 0}
    - target: {fileID: 4632955430123856057, guid: af4fe3133667ac84d9a76eba67109164, type: 3}
      propertyPath: m_Sprite
      value: 
      objectReference: {fileID: 21300000, guid: e7ca7b015de5f3a4fb552f3a7b24934b, type: 3}
    - target: {fileID: 4711883971265381707, guid: af4fe3133667ac84d9a76eba67109164, type: 3}
      propertyPath: m_SizeDelta.x
      value: 247
      objectReference: {fileID: 0}
    - target: {fileID: 5093322703099496928, guid: af4fe3133667ac84d9a76eba67109164, type: 3}
      propertyPath: m_text
      value: "\u0412\u0410\u0428\u0410 \u0421\u0422\u0410\u0412\u041A\u0410\n"
      objectReference: {fileID: 0}
    - target: {fileID: 5093322703099496928, guid: af4fe3133667ac84d9a76eba67109164, type: 3}
      propertyPath: m_fontSize
      value: 10
      objectReference: {fileID: 0}
    - target: {fileID: 7885994827362359421, guid: af4fe3133667ac84d9a76eba67109164, type: 3}
      propertyPath: m_StringReference.m_TableEntryReference.m_KeyId
      value: 1801261871104
      objectReference: {fileID: 0}
    - target: {fileID: 7885994827362359421, guid: af4fe3133667ac84d9a76eba67109164, type: 3}
      propertyPath: m_StringReference.m_TableReference.m_TableCollectionName
      value: GUID:33c34250592c669418ce82a61e7e81b8
      objectReference: {fileID: 0}
    - target: {fileID: 9195788505827062206, guid: af4fe3133667ac84d9a76eba67109164, type: 3}
      propertyPath: m_AnchoredPosition.x
      value: -136.5
      objectReference: {fileID: 0}
    m_RemovedComponents: []
    m_RemovedGameObjects:
    - {fileID: 7144575898209973299, guid: af4fe3133667ac84d9a76eba67109164, type: 3}
    m_AddedGameObjects: []
    m_AddedComponents: []
  m_SourcePrefab: {fileID: 100100000, guid: af4fe3133667ac84d9a76eba67109164, type: 3}
--- !u!224 &270090586899327898 stripped
RectTransform:
  m_CorrespondingSourceObject: {fileID: 488591110014529527, guid: af4fe3133667ac84d9a76eba67109164, type: 3}
  m_PrefabInstance: {fileID: 394169367607886957}
  m_PrefabAsset: {fileID: 0}
--- !u!114 &4281203721806449251 stripped
MonoBehaviour:
  m_CorrespondingSourceObject: {fileID: 4472561417945435662, guid: af4fe3133667ac84d9a76eba67109164, type: 3}
  m_PrefabInstance: {fileID: 394169367607886957}
  m_PrefabAsset: {fileID: 0}
  m_GameObject: {fileID: 0}
  m_Enabled: 1
  m_EditorHideFlags: 0
  m_Script: {fileID: 11500000, guid: f4688fdb7df04437aeb418b961361dc5, type: 3}
  m_Name: 
  m_EditorClassIdentifier: 
--- !u!114 &4888447323781614989 stripped
MonoBehaviour:
  m_CorrespondingSourceObject: {fileID: 5093322703099496928, guid: af4fe3133667ac84d9a76eba67109164, type: 3}
  m_PrefabInstance: {fileID: 394169367607886957}
  m_PrefabAsset: {fileID: 0}
  m_GameObject: {fileID: 0}
  m_Enabled: 1
  m_EditorHideFlags: 0
  m_Script: {fileID: 11500000, guid: f4688fdb7df04437aeb418b961361dc5, type: 3}
  m_Name: 
  m_EditorClassIdentifier: 
--- !u!114 &4987390098924964511 stripped
MonoBehaviour:
  m_CorrespondingSourceObject: {fileID: 4633810586606685938, guid: af4fe3133667ac84d9a76eba67109164, type: 3}
  m_PrefabInstance: {fileID: 394169367607886957}
  m_PrefabAsset: {fileID: 0}
  m_GameObject: {fileID: 0}
  m_Enabled: 1
  m_EditorHideFlags: 0
  m_Script: {fileID: 11500000, guid: 4e29b1a8efbd4b44bb3f3716e73f07ff, type: 3}
  m_Name: 
  m_EditorClassIdentifier: 
--- !u!1 &5984040778493371741 stripped
GameObject:
  m_CorrespondingSourceObject: {fileID: 6229546535531012400, guid: af4fe3133667ac84d9a76eba67109164, type: 3}
  m_PrefabInstance: {fileID: 394169367607886957}
  m_PrefabAsset: {fileID: 0}
--- !u!114 &6518730502964108523 stripped
MonoBehaviour:
  m_CorrespondingSourceObject: {fileID: 6849816881230387334, guid: af4fe3133667ac84d9a76eba67109164, type: 3}
  m_PrefabInstance: {fileID: 394169367607886957}
  m_PrefabAsset: {fileID: 0}
  m_GameObject: {fileID: 0}
  m_Enabled: 1
  m_EditorHideFlags: 0
  m_Script: {fileID: 11500000, guid: 4e29b1a8efbd4b44bb3f3716e73f07ff, type: 3}
  m_Name: 
  m_EditorClassIdentifier: 
--- !u!114 &7537304395139580090 stripped
MonoBehaviour:
  m_CorrespondingSourceObject: {fileID: 7917816990273815767, guid: af4fe3133667ac84d9a76eba67109164, type: 3}
  m_PrefabInstance: {fileID: 394169367607886957}
  m_PrefabAsset: {fileID: 0}
  m_GameObject: {fileID: 0}
  m_Enabled: 1
  m_EditorHideFlags: 0
  m_Script: {fileID: 11500000, guid: 4e29b1a8efbd4b44bb3f3716e73f07ff, type: 3}
  m_Name: 
  m_EditorClassIdentifier: 
--- !u!1001 &1079410857986729617
PrefabInstance:
  m_ObjectHideFlags: 0
  serializedVersion: 2
  m_Modification:
    serializedVersion: 3
    m_TransformParent: {fileID: 721533094921904975}
    m_Modifications:
    - target: {fileID: 999584730550825364, guid: 11c989036b851fa44a5678f1be3ed6dd, type: 3}
      propertyPath: m_AnchorMax.y
      value: 0
      objectReference: {fileID: 0}
    - target: {fileID: 999584730550825364, guid: 11c989036b851fa44a5678f1be3ed6dd, type: 3}
      propertyPath: m_AnchorMin.y
      value: 0
      objectReference: {fileID: 0}
    - target: {fileID: 999584730550825364, guid: 11c989036b851fa44a5678f1be3ed6dd, type: 3}
      propertyPath: m_AnchoredPosition.x
      value: 0
      objectReference: {fileID: 0}
    - target: {fileID: 999584730550825364, guid: 11c989036b851fa44a5678f1be3ed6dd, type: 3}
      propertyPath: m_AnchoredPosition.y
      value: 0
      objectReference: {fileID: 0}
    - target: {fileID: 1731318086751373531, guid: 11c989036b851fa44a5678f1be3ed6dd, type: 3}
      propertyPath: m_fontSize
      value: 44.75
      objectReference: {fileID: 0}
    - target: {fileID: 1863646478801001339, guid: 11c989036b851fa44a5678f1be3ed6dd, type: 3}
      propertyPath: m_Name
      value: AttemptsCount
      objectReference: {fileID: 0}
    - target: {fileID: 2153678302470383306, guid: 11c989036b851fa44a5678f1be3ed6dd, type: 3}
      propertyPath: m_fontSize
      value: 35.6
      objectReference: {fileID: 0}
    - target: {fileID: 2470015156781200375, guid: 11c989036b851fa44a5678f1be3ed6dd, type: 3}
      propertyPath: m_AnchorMax.y
      value: 0
      objectReference: {fileID: 0}
    - target: {fileID: 2470015156781200375, guid: 11c989036b851fa44a5678f1be3ed6dd, type: 3}
      propertyPath: m_AnchorMin.y
      value: 0
      objectReference: {fileID: 0}
    - target: {fileID: 2470015156781200375, guid: 11c989036b851fa44a5678f1be3ed6dd, type: 3}
      propertyPath: m_AnchoredPosition.x
      value: 0
      objectReference: {fileID: 0}
    - target: {fileID: 2470015156781200375, guid: 11c989036b851fa44a5678f1be3ed6dd, type: 3}
      propertyPath: m_AnchoredPosition.y
      value: 0
      objectReference: {fileID: 0}
    - target: {fileID: 2618603606356591497, guid: 11c989036b851fa44a5678f1be3ed6dd, type: 3}
      propertyPath: m_text
      value: "\u0427\u0438\u0441\u043B\u043E \u043F\u043E\u043F\u044B\u0442\u043E\u043A:"
      objectReference: {fileID: 0}
    - target: {fileID: 3428856176490099032, guid: 11c989036b851fa44a5678f1be3ed6dd, type: 3}
      propertyPath: m_Sprite
      value: 
      objectReference: {fileID: 21300000, guid: 1102dcec49450e44ab5bf883a1214100, type: 3}
    - target: {fileID: 3771788520531642568, guid: 11c989036b851fa44a5678f1be3ed6dd, type: 3}
      propertyPath: m_AnchoredPosition.x
      value: 176
      objectReference: {fileID: 0}
    - target: {fileID: 4136922437882159542, guid: 11c989036b851fa44a5678f1be3ed6dd, type: 3}
      propertyPath: m_Name
      value: BottomBar1
      objectReference: {fileID: 0}
    - target: {fileID: 4757801688326766894, guid: 11c989036b851fa44a5678f1be3ed6dd, type: 3}
      propertyPath: m_SizeDelta.x
      value: 285
      objectReference: {fileID: 0}
    - target: {fileID: 5179874923988414271, guid: 11c989036b851fa44a5678f1be3ed6dd, type: 3}
      propertyPath: m_SizeDelta.x
      value: 285
      objectReference: {fileID: 0}
    - target: {fileID: 5269565428578536118, guid: 11c989036b851fa44a5678f1be3ed6dd, type: 3}
      propertyPath: m_Name
      value: AttemptsTitle
      objectReference: {fileID: 0}
    - target: {fileID: 5297756856257870041, guid: 11c989036b851fa44a5678f1be3ed6dd, type: 3}
      propertyPath: m_StringReference.m_TableEntryReference.m_KeyId
      value: 1987530911744
      objectReference: {fileID: 0}
    - target: {fileID: 5297756856257870041, guid: 11c989036b851fa44a5678f1be3ed6dd, type: 3}
      propertyPath: m_StringReference.m_TableReference.m_TableCollectionName
      value: GUID:33c34250592c669418ce82a61e7e81b8
      objectReference: {fileID: 0}
    - target: {fileID: 5613355750303527908, guid: 11c989036b851fa44a5678f1be3ed6dd, type: 3}
      propertyPath: m_AnchoredPosition.y
      value: 0.0007324219
      objectReference: {fileID: 0}
    - target: {fileID: 7157021400987313313, guid: 11c989036b851fa44a5678f1be3ed6dd, type: 3}
      propertyPath: m_Sprite
      value: 
      objectReference: {fileID: 21300000, guid: a62fb080b8177aa459fa9ad69586f5d1, type: 3}
    - target: {fileID: 7569169227245875650, guid: 11c989036b851fa44a5678f1be3ed6dd, type: 3}
      propertyPath: m_AnchorMax.y
      value: 0
      objectReference: {fileID: 0}
    - target: {fileID: 7569169227245875650, guid: 11c989036b851fa44a5678f1be3ed6dd, type: 3}
      propertyPath: m_AnchorMin.y
      value: 0
      objectReference: {fileID: 0}
    - target: {fileID: 7569169227245875650, guid: 11c989036b851fa44a5678f1be3ed6dd, type: 3}
      propertyPath: m_AnchoredPosition.x
      value: 0
      objectReference: {fileID: 0}
    - target: {fileID: 7569169227245875650, guid: 11c989036b851fa44a5678f1be3ed6dd, type: 3}
      propertyPath: m_AnchoredPosition.y
      value: 0
      objectReference: {fileID: 0}
    - target: {fileID: 7594088445537280305, guid: 11c989036b851fa44a5678f1be3ed6dd, type: 3}
      propertyPath: m_SizeDelta.x
      value: 78
      objectReference: {fileID: 0}
    - target: {fileID: 7594088445537280305, guid: 11c989036b851fa44a5678f1be3ed6dd, type: 3}
      propertyPath: m_SizeDelta.y
      value: 78
      objectReference: {fileID: 0}
    - target: {fileID: 7594088445537280305, guid: 11c989036b851fa44a5678f1be3ed6dd, type: 3}
      propertyPath: m_AnchoredPosition.x
      value: -274.7
      objectReference: {fileID: 0}
    - target: {fileID: 7594088445537280305, guid: 11c989036b851fa44a5678f1be3ed6dd, type: 3}
      propertyPath: m_AnchoredPosition.y
      value: 4
      objectReference: {fileID: 0}
    - target: {fileID: 7643587151262176730, guid: 11c989036b851fa44a5678f1be3ed6dd, type: 3}
      propertyPath: m_StringReference.m_TableEntryReference.m_KeyId
      value: 2119324332032
      objectReference: {fileID: 0}
    - target: {fileID: 7643587151262176730, guid: 11c989036b851fa44a5678f1be3ed6dd, type: 3}
      propertyPath: m_StringReference.m_TableReference.m_TableCollectionName
      value: GUID:33c34250592c669418ce82a61e7e81b8
      objectReference: {fileID: 0}
    - target: {fileID: 8092081805500289429, guid: 11c989036b851fa44a5678f1be3ed6dd, type: 3}
      propertyPath: m_Pivot.x
      value: 0.5
      objectReference: {fileID: 0}
    - target: {fileID: 8092081805500289429, guid: 11c989036b851fa44a5678f1be3ed6dd, type: 3}
      propertyPath: m_Pivot.y
      value: 0.5
      objectReference: {fileID: 0}
    - target: {fileID: 8092081805500289429, guid: 11c989036b851fa44a5678f1be3ed6dd, type: 3}
      propertyPath: m_AnchorMax.x
      value: 0
      objectReference: {fileID: 0}
    - target: {fileID: 8092081805500289429, guid: 11c989036b851fa44a5678f1be3ed6dd, type: 3}
      propertyPath: m_AnchorMax.y
      value: 0
      objectReference: {fileID: 0}
    - target: {fileID: 8092081805500289429, guid: 11c989036b851fa44a5678f1be3ed6dd, type: 3}
      propertyPath: m_AnchorMin.x
      value: 0
      objectReference: {fileID: 0}
    - target: {fileID: 8092081805500289429, guid: 11c989036b851fa44a5678f1be3ed6dd, type: 3}
      propertyPath: m_AnchorMin.y
      value: 0
      objectReference: {fileID: 0}
    - target: {fileID: 8092081805500289429, guid: 11c989036b851fa44a5678f1be3ed6dd, type: 3}
      propertyPath: m_SizeDelta.x
      value: 647
      objectReference: {fileID: 0}
    - target: {fileID: 8092081805500289429, guid: 11c989036b851fa44a5678f1be3ed6dd, type: 3}
      propertyPath: m_SizeDelta.y
      value: 96
      objectReference: {fileID: 0}
    - target: {fileID: 8092081805500289429, guid: 11c989036b851fa44a5678f1be3ed6dd, type: 3}
      propertyPath: m_LocalPosition.x
      value: 0
      objectReference: {fileID: 0}
    - target: {fileID: 8092081805500289429, guid: 11c989036b851fa44a5678f1be3ed6dd, type: 3}
      propertyPath: m_LocalPosition.y
      value: 0
      objectReference: {fileID: 0}
    - target: {fileID: 8092081805500289429, guid: 11c989036b851fa44a5678f1be3ed6dd, type: 3}
      propertyPath: m_LocalPosition.z
      value: 0
      objectReference: {fileID: 0}
    - target: {fileID: 8092081805500289429, guid: 11c989036b851fa44a5678f1be3ed6dd, type: 3}
      propertyPath: m_LocalRotation.w
      value: 1
      objectReference: {fileID: 0}
    - target: {fileID: 8092081805500289429, guid: 11c989036b851fa44a5678f1be3ed6dd, type: 3}
      propertyPath: m_LocalRotation.x
      value: -0
      objectReference: {fileID: 0}
    - target: {fileID: 8092081805500289429, guid: 11c989036b851fa44a5678f1be3ed6dd, type: 3}
      propertyPath: m_LocalRotation.y
      value: -0
      objectReference: {fileID: 0}
    - target: {fileID: 8092081805500289429, guid: 11c989036b851fa44a5678f1be3ed6dd, type: 3}
      propertyPath: m_LocalRotation.z
      value: -0
      objectReference: {fileID: 0}
    - target: {fileID: 8092081805500289429, guid: 11c989036b851fa44a5678f1be3ed6dd, type: 3}
      propertyPath: m_AnchoredPosition.x
      value: 0
      objectReference: {fileID: 0}
    - target: {fileID: 8092081805500289429, guid: 11c989036b851fa44a5678f1be3ed6dd, type: 3}
      propertyPath: m_AnchoredPosition.y
      value: 0
      objectReference: {fileID: 0}
    - target: {fileID: 8092081805500289429, guid: 11c989036b851fa44a5678f1be3ed6dd, type: 3}
      propertyPath: m_LocalEulerAnglesHint.x
      value: 0
      objectReference: {fileID: 0}
    - target: {fileID: 8092081805500289429, guid: 11c989036b851fa44a5678f1be3ed6dd, type: 3}
      propertyPath: m_LocalEulerAnglesHint.y
      value: 0
      objectReference: {fileID: 0}
    - target: {fileID: 8092081805500289429, guid: 11c989036b851fa44a5678f1be3ed6dd, type: 3}
      propertyPath: m_LocalEulerAnglesHint.z
      value: 0
      objectReference: {fileID: 0}
    - target: {fileID: 8364925156026593396, guid: 11c989036b851fa44a5678f1be3ed6dd, type: 3}
      propertyPath: m_AnchorMax.y
      value: 0
      objectReference: {fileID: 0}
    - target: {fileID: 8364925156026593396, guid: 11c989036b851fa44a5678f1be3ed6dd, type: 3}
      propertyPath: m_AnchorMin.y
      value: 0
      objectReference: {fileID: 0}
    - target: {fileID: 8364925156026593396, guid: 11c989036b851fa44a5678f1be3ed6dd, type: 3}
      propertyPath: m_AnchoredPosition.x
      value: 0
      objectReference: {fileID: 0}
    - target: {fileID: 8364925156026593396, guid: 11c989036b851fa44a5678f1be3ed6dd, type: 3}
      propertyPath: m_AnchoredPosition.y
      value: 0
      objectReference: {fileID: 0}
    - target: {fileID: 9168111402471515649, guid: 11c989036b851fa44a5678f1be3ed6dd, type: 3}
      propertyPath: m_Sprite
      value: 
      objectReference: {fileID: 21300000, guid: a4a782c8c85d3304993d2a3d9d00015f, type: 3}
    m_RemovedComponents: []
    m_RemovedGameObjects: []
    m_AddedGameObjects: []
    m_AddedComponents: []
  m_SourcePrefab: {fileID: 100100000, guid: 11c989036b851fa44a5678f1be3ed6dd, type: 3}
--- !u!114 &1376326280291090523 stripped
MonoBehaviour:
  m_CorrespondingSourceObject: {fileID: 2153678302470383306, guid: 11c989036b851fa44a5678f1be3ed6dd, type: 3}
  m_PrefabInstance: {fileID: 1079410857986729617}
  m_PrefabAsset: {fileID: 0}
  m_GameObject: {fileID: 0}
  m_Enabled: 1
  m_EditorHideFlags: 0
  m_Script: {fileID: 11500000, guid: f4688fdb7df04437aeb418b961361dc5, type: 3}
  m_Name: 
  m_EditorClassIdentifier: 
--- !u!114 &1656259048585686602 stripped
MonoBehaviour:
  m_CorrespondingSourceObject: {fileID: 1731318086751373531, guid: 11c989036b851fa44a5678f1be3ed6dd, type: 3}
  m_PrefabInstance: {fileID: 1079410857986729617}
  m_PrefabAsset: {fileID: 0}
  m_GameObject: {fileID: 0}
  m_Enabled: 1
  m_EditorHideFlags: 0
  m_Script: {fileID: 11500000, guid: f4688fdb7df04437aeb418b961361dc5, type: 3}
  m_Name: 
  m_EditorClassIdentifier: 
--- !u!114 &3048220797359235618 stripped
MonoBehaviour:
  m_CorrespondingSourceObject: {fileID: 2645762384419980467, guid: 11c989036b851fa44a5678f1be3ed6dd, type: 3}
  m_PrefabInstance: {fileID: 1079410857986729617}
  m_PrefabAsset: {fileID: 0}
  m_GameObject: {fileID: 0}
  m_Enabled: 1
  m_EditorHideFlags: 0
  m_Script: {fileID: 11500000, guid: 4e29b1a8efbd4b44bb3f3716e73f07ff, type: 3}
  m_Name: 
  m_EditorClassIdentifier: 
--- !u!1 &3668102122884014859 stripped
GameObject:
  m_CorrespondingSourceObject: {fileID: 4331725097525314970, guid: 11c989036b851fa44a5678f1be3ed6dd, type: 3}
  m_PrefabInstance: {fileID: 1079410857986729617}
  m_PrefabAsset: {fileID: 0}
--- !u!114 &8814020697816020181 stripped
MonoBehaviour:
  m_CorrespondingSourceObject: {fileID: 8406926742387429956, guid: 11c989036b851fa44a5678f1be3ed6dd, type: 3}
  m_PrefabInstance: {fileID: 1079410857986729617}
  m_PrefabAsset: {fileID: 0}
  m_GameObject: {fileID: 0}
  m_Enabled: 1
  m_EditorHideFlags: 0
  m_Script: {fileID: 11500000, guid: f4688fdb7df04437aeb418b961361dc5, type: 3}
  m_Name: 
  m_EditorClassIdentifier: 
--- !u!114 &9009760085138661747 stripped
MonoBehaviour:
  m_CorrespondingSourceObject: {fileID: 8355249861407360994, guid: 11c989036b851fa44a5678f1be3ed6dd, type: 3}
  m_PrefabInstance: {fileID: 1079410857986729617}
  m_PrefabAsset: {fileID: 0}
  m_GameObject: {fileID: 0}
  m_Enabled: 1
  m_EditorHideFlags: 0
  m_Script: {fileID: 11500000, guid: 4e29b1a8efbd4b44bb3f3716e73f07ff, type: 3}
  m_Name: 
  m_EditorClassIdentifier: 
--- !u!224 &9130502833353832196 stripped
RectTransform:
  m_CorrespondingSourceObject: {fileID: 8092081805500289429, guid: 11c989036b851fa44a5678f1be3ed6dd, type: 3}
  m_PrefabInstance: {fileID: 1079410857986729617}
  m_PrefabAsset: {fileID: 0}
--- !u!1001 &4688009907676510076
PrefabInstance:
  m_ObjectHideFlags: 0
  serializedVersion: 2
  m_Modification:
    serializedVersion: 3
    m_TransformParent: {fileID: 721533094921904975}
    m_Modifications:
    - target: {fileID: 4139863468513696926, guid: 046f56053565ff64799da9ae81cb5682, type: 3}
      propertyPath: m_Name
      value: TicketField
      objectReference: {fileID: 0}
    - target: {fileID: 6030294293216527014, guid: 046f56053565ff64799da9ae81cb5682, type: 3}
      propertyPath: m_Pivot.x
      value: 0.5
      objectReference: {fileID: 0}
    - target: {fileID: 6030294293216527014, guid: 046f56053565ff64799da9ae81cb5682, type: 3}
      propertyPath: m_Pivot.y
      value: 0.5
      objectReference: {fileID: 0}
    - target: {fileID: 6030294293216527014, guid: 046f56053565ff64799da9ae81cb5682, type: 3}
      propertyPath: m_AnchorMax.x
      value: 0
      objectReference: {fileID: 0}
    - target: {fileID: 6030294293216527014, guid: 046f56053565ff64799da9ae81cb5682, type: 3}
      propertyPath: m_AnchorMax.y
      value: 0
      objectReference: {fileID: 0}
    - target: {fileID: 6030294293216527014, guid: 046f56053565ff64799da9ae81cb5682, type: 3}
      propertyPath: m_AnchorMin.x
      value: 0
      objectReference: {fileID: 0}
    - target: {fileID: 6030294293216527014, guid: 046f56053565ff64799da9ae81cb5682, type: 3}
      propertyPath: m_AnchorMin.y
      value: 0
      objectReference: {fileID: 0}
    - target: {fileID: 6030294293216527014, guid: 046f56053565ff64799da9ae81cb5682, type: 3}
      propertyPath: m_SizeDelta.x
      value: 900
      objectReference: {fileID: 0}
    - target: {fileID: 6030294293216527014, guid: 046f56053565ff64799da9ae81cb5682, type: 3}
      propertyPath: m_SizeDelta.y
      value: 454
      objectReference: {fileID: 0}
    - target: {fileID: 6030294293216527014, guid: 046f56053565ff64799da9ae81cb5682, type: 3}
      propertyPath: m_LocalPosition.x
      value: 0
      objectReference: {fileID: 0}
    - target: {fileID: 6030294293216527014, guid: 046f56053565ff64799da9ae81cb5682, type: 3}
      propertyPath: m_LocalPosition.y
      value: 0
      objectReference: {fileID: 0}
    - target: {fileID: 6030294293216527014, guid: 046f56053565ff64799da9ae81cb5682, type: 3}
      propertyPath: m_LocalPosition.z
      value: 0
      objectReference: {fileID: 0}
    - target: {fileID: 6030294293216527014, guid: 046f56053565ff64799da9ae81cb5682, type: 3}
      propertyPath: m_LocalRotation.w
      value: 1
      objectReference: {fileID: 0}
    - target: {fileID: 6030294293216527014, guid: 046f56053565ff64799da9ae81cb5682, type: 3}
      propertyPath: m_LocalRotation.x
      value: 0
      objectReference: {fileID: 0}
    - target: {fileID: 6030294293216527014, guid: 046f56053565ff64799da9ae81cb5682, type: 3}
      propertyPath: m_LocalRotation.y
      value: 0
      objectReference: {fileID: 0}
    - target: {fileID: 6030294293216527014, guid: 046f56053565ff64799da9ae81cb5682, type: 3}
      propertyPath: m_LocalRotation.z
      value: 0
      objectReference: {fileID: 0}
    - target: {fileID: 6030294293216527014, guid: 046f56053565ff64799da9ae81cb5682, type: 3}
      propertyPath: m_AnchoredPosition.x
      value: 0
      objectReference: {fileID: 0}
    - target: {fileID: 6030294293216527014, guid: 046f56053565ff64799da9ae81cb5682, type: 3}
      propertyPath: m_AnchoredPosition.y
      value: 0
      objectReference: {fileID: 0}
    - target: {fileID: 6030294293216527014, guid: 046f56053565ff64799da9ae81cb5682, type: 3}
      propertyPath: m_LocalEulerAnglesHint.x
      value: 0
      objectReference: {fileID: 0}
    - target: {fileID: 6030294293216527014, guid: 046f56053565ff64799da9ae81cb5682, type: 3}
      propertyPath: m_LocalEulerAnglesHint.y
      value: 0
      objectReference: {fileID: 0}
    - target: {fileID: 6030294293216527014, guid: 046f56053565ff64799da9ae81cb5682, type: 3}
      propertyPath: m_LocalEulerAnglesHint.z
      value: 0
      objectReference: {fileID: 0}
    m_RemovedComponents: []
    m_RemovedGameObjects: []
    m_AddedGameObjects: []
    m_AddedComponents: []
  m_SourcePrefab: {fileID: 100100000, guid: 046f56053565ff64799da9ae81cb5682, type: 3}
--- !u!224 &1342284456423945690 stripped
RectTransform:
  m_CorrespondingSourceObject: {fileID: 6030294293216527014, guid: 046f56053565ff64799da9ae81cb5682, type: 3}
  m_PrefabInstance: {fileID: 4688009907676510076}
  m_PrefabAsset: {fileID: 0}
--- !u!224 &5834364351191561486 stripped
RectTransform:
  m_CorrespondingSourceObject: {fileID: 1295061263015494258, guid: 046f56053565ff64799da9ae81cb5682, type: 3}
  m_PrefabInstance: {fileID: 4688009907676510076}
  m_PrefabAsset: {fileID: 0}
--- !u!1001 &5922370716952239436
PrefabInstance:
  m_ObjectHideFlags: 0
  serializedVersion: 2
  m_Modification:
    serializedVersion: 3
    m_TransformParent: {fileID: 721533094921904975}
    m_Modifications:
    - target: {fileID: 271428310271604080, guid: 32848ae1885050142802e5618de9a9bb, type: 3}
      propertyPath: m_Sprite
      value: 
      objectReference: {fileID: 21300000, guid: ae8420f7123b19e448af85087451805c, type: 3}
    - target: {fileID: 1205940879809365840, guid: 32848ae1885050142802e5618de9a9bb, type: 3}
      propertyPath: m_Sprite
      value: 
      objectReference: {fileID: 21300000, guid: 05eeef87e92d9374ea07245dd62d9c91, type: 3}
    - target: {fileID: 1285702993310884256, guid: 32848ae1885050142802e5618de9a9bb, type: 3}
      propertyPath: m_fontColor.a
      value: 1
      objectReference: {fileID: 0}
    - target: {fileID: 1285702993310884256, guid: 32848ae1885050142802e5618de9a9bb, type: 3}
      propertyPath: m_fontColor.b
      value: 0
      objectReference: {fileID: 0}
    - target: {fileID: 1285702993310884256, guid: 32848ae1885050142802e5618de9a9bb, type: 3}
      propertyPath: m_fontColor.g
      value: 0
      objectReference: {fileID: 0}
    - target: {fileID: 1285702993310884256, guid: 32848ae1885050142802e5618de9a9bb, type: 3}
      propertyPath: m_fontColor.r
      value: 0
      objectReference: {fileID: 0}
    - target: {fileID: 1285702993310884256, guid: 32848ae1885050142802e5618de9a9bb, type: 3}
      propertyPath: m_fontColor32.rgba
      value: 4278190080
      objectReference: {fileID: 0}
    - target: {fileID: 1474310238493872312, guid: 32848ae1885050142802e5618de9a9bb, type: 3}
      propertyPath: m_StringReference.m_TableEntryReference.m_KeyId
      value: 1518150545408
      objectReference: {fileID: 0}
    - target: {fileID: 1474310238493872312, guid: 32848ae1885050142802e5618de9a9bb, type: 3}
      propertyPath: m_StringReference.m_TableReference.m_TableCollectionName
      value: GUID:33c34250592c669418ce82a61e7e81b8
      objectReference: {fileID: 0}
    - target: {fileID: 1968988762013277128, guid: 32848ae1885050142802e5618de9a9bb, type: 3}
      propertyPath: m_Pivot.x
      value: 1
      objectReference: {fileID: 0}
    - target: {fileID: 1968988762013277128, guid: 32848ae1885050142802e5618de9a9bb, type: 3}
      propertyPath: m_Pivot.y
      value: 1
      objectReference: {fileID: 0}
    - target: {fileID: 1968988762013277128, guid: 32848ae1885050142802e5618de9a9bb, type: 3}
      propertyPath: m_AnchorMax.x
      value: 0
      objectReference: {fileID: 0}
    - target: {fileID: 1968988762013277128, guid: 32848ae1885050142802e5618de9a9bb, type: 3}
      propertyPath: m_AnchorMax.y
      value: 0
      objectReference: {fileID: 0}
    - target: {fileID: 1968988762013277128, guid: 32848ae1885050142802e5618de9a9bb, type: 3}
      propertyPath: m_AnchorMin.x
      value: 0
      objectReference: {fileID: 0}
    - target: {fileID: 1968988762013277128, guid: 32848ae1885050142802e5618de9a9bb, type: 3}
      propertyPath: m_AnchorMin.y
      value: 0
      objectReference: {fileID: 0}
    - target: {fileID: 1968988762013277128, guid: 32848ae1885050142802e5618de9a9bb, type: 3}
      propertyPath: m_SizeDelta.x
      value: 0
      objectReference: {fileID: 0}
    - target: {fileID: 1968988762013277128, guid: 32848ae1885050142802e5618de9a9bb, type: 3}
      propertyPath: m_SizeDelta.y
      value: 50
      objectReference: {fileID: 0}
    - target: {fileID: 1968988762013277128, guid: 32848ae1885050142802e5618de9a9bb, type: 3}
      propertyPath: m_LocalPosition.x
      value: 0
      objectReference: {fileID: 0}
    - target: {fileID: 1968988762013277128, guid: 32848ae1885050142802e5618de9a9bb, type: 3}
      propertyPath: m_LocalPosition.y
      value: 0
      objectReference: {fileID: 0}
    - target: {fileID: 1968988762013277128, guid: 32848ae1885050142802e5618de9a9bb, type: 3}
      propertyPath: m_LocalPosition.z
      value: 0
      objectReference: {fileID: 0}
    - target: {fileID: 1968988762013277128, guid: 32848ae1885050142802e5618de9a9bb, type: 3}
      propertyPath: m_LocalRotation.w
      value: 1
      objectReference: {fileID: 0}
    - target: {fileID: 1968988762013277128, guid: 32848ae1885050142802e5618de9a9bb, type: 3}
      propertyPath: m_LocalRotation.x
      value: 0
      objectReference: {fileID: 0}
    - target: {fileID: 1968988762013277128, guid: 32848ae1885050142802e5618de9a9bb, type: 3}
      propertyPath: m_LocalRotation.y
      value: 0
      objectReference: {fileID: 0}
    - target: {fileID: 1968988762013277128, guid: 32848ae1885050142802e5618de9a9bb, type: 3}
      propertyPath: m_LocalRotation.z
      value: 0
      objectReference: {fileID: 0}
    - target: {fileID: 1968988762013277128, guid: 32848ae1885050142802e5618de9a9bb, type: 3}
      propertyPath: m_AnchoredPosition.x
      value: 0
      objectReference: {fileID: 0}
    - target: {fileID: 1968988762013277128, guid: 32848ae1885050142802e5618de9a9bb, type: 3}
      propertyPath: m_AnchoredPosition.y
      value: 0
      objectReference: {fileID: 0}
    - target: {fileID: 1968988762013277128, guid: 32848ae1885050142802e5618de9a9bb, type: 3}
      propertyPath: m_LocalEulerAnglesHint.x
      value: 0
      objectReference: {fileID: 0}
    - target: {fileID: 1968988762013277128, guid: 32848ae1885050142802e5618de9a9bb, type: 3}
      propertyPath: m_LocalEulerAnglesHint.y
      value: 0
      objectReference: {fileID: 0}
    - target: {fileID: 1968988762013277128, guid: 32848ae1885050142802e5618de9a9bb, type: 3}
      propertyPath: m_LocalEulerAnglesHint.z
      value: 0
      objectReference: {fileID: 0}
    - target: {fileID: 2596894569080734780, guid: 32848ae1885050142802e5618de9a9bb, type: 3}
      propertyPath: m_Sprite
      value: 
      objectReference: {fileID: 21300000, guid: b972463b7518d8e4093f4bf89e676d1b, type: 3}
    - target: {fileID: 2812311770085663977, guid: 32848ae1885050142802e5618de9a9bb, type: 3}
      propertyPath: m_StringReference.m_TableEntryReference.m_KeyId
      value: 1569493020672
      objectReference: {fileID: 0}
    - target: {fileID: 2812311770085663977, guid: 32848ae1885050142802e5618de9a9bb, type: 3}
      propertyPath: m_StringReference.m_TableReference.m_TableCollectionName
      value: GUID:33c34250592c669418ce82a61e7e81b8
      objectReference: {fileID: 0}
    - target: {fileID: 3133785038907782056, guid: 32848ae1885050142802e5618de9a9bb, type: 3}
      propertyPath: m_SizeDelta.x
      value: 165
      objectReference: {fileID: 0}
    - target: {fileID: 4616839357439250441, guid: 32848ae1885050142802e5618de9a9bb, type: 3}
      propertyPath: m_Sprite
      value: 
      objectReference: {fileID: 21300000, guid: 2194808eab36ccf44b412f1b68d94ed4, type: 3}
    - target: {fileID: 5721044694479103901, guid: 32848ae1885050142802e5618de9a9bb, type: 3}
      propertyPath: m_SizeDelta.x
      value: 165
      objectReference: {fileID: 0}
    - target: {fileID: 6217920110122080057, guid: 32848ae1885050142802e5618de9a9bb, type: 3}
      propertyPath: m_SizeDelta.x
      value: 24
      objectReference: {fileID: 0}
    - target: {fileID: 6217920110122080057, guid: 32848ae1885050142802e5618de9a9bb, type: 3}
      propertyPath: m_SizeDelta.y
      value: 24
      objectReference: {fileID: 0}
    - target: {fileID: 6712793104097727327, guid: 32848ae1885050142802e5618de9a9bb, type: 3}
      propertyPath: m_fontColor.a
      value: 1
      objectReference: {fileID: 0}
    - target: {fileID: 6712793104097727327, guid: 32848ae1885050142802e5618de9a9bb, type: 3}
      propertyPath: m_fontColor.b
      value: 0
      objectReference: {fileID: 0}
    - target: {fileID: 6712793104097727327, guid: 32848ae1885050142802e5618de9a9bb, type: 3}
      propertyPath: m_fontColor.g
      value: 0
      objectReference: {fileID: 0}
    - target: {fileID: 6712793104097727327, guid: 32848ae1885050142802e5618de9a9bb, type: 3}
      propertyPath: m_fontColor.r
      value: 0
      objectReference: {fileID: 0}
    - target: {fileID: 6712793104097727327, guid: 32848ae1885050142802e5618de9a9bb, type: 3}
      propertyPath: m_fontColor32.rgba
      value: 4278190080
      objectReference: {fileID: 0}
    - target: {fileID: 6814588104438210698, guid: 32848ae1885050142802e5618de9a9bb, type: 3}
      propertyPath: m_Color.b
      value: 0.6
      objectReference: {fileID: 0}
    - target: {fileID: 6814588104438210698, guid: 32848ae1885050142802e5618de9a9bb, type: 3}
      propertyPath: m_Color.g
      value: 0.6627451
      objectReference: {fileID: 0}
    - target: {fileID: 6814588104438210698, guid: 32848ae1885050142802e5618de9a9bb, type: 3}
      propertyPath: m_Color.r
      value: 0.6862745
      objectReference: {fileID: 0}
    - target: {fileID: 8404869066043396965, guid: 32848ae1885050142802e5618de9a9bb, type: 3}
      propertyPath: m_Sprite
      value: 
      objectReference: {fileID: 21300000, guid: 05eeef87e92d9374ea07245dd62d9c91, type: 3}
    - target: {fileID: 8561827610223106674, guid: 32848ae1885050142802e5618de9a9bb, type: 3}
      propertyPath: m_Name
      value: TopBars
      objectReference: {fileID: 0}
    - target: {fileID: 8977978292050064527, guid: 32848ae1885050142802e5618de9a9bb, type: 3}
      propertyPath: m_Sprite
      value: 
      objectReference: {fileID: 21300000, guid: f2e1deb0af519514299f4703fef999c9, type: 3}
    m_RemovedComponents: []
    m_RemovedGameObjects: []
    m_AddedGameObjects: []
    m_AddedComponents:
    - targetCorrespondingSourceObject: {fileID: 8561827610223106674, guid: 32848ae1885050142802e5618de9a9bb, type: 3}
      insertIndex: -1
      addedObject: {fileID: 430344367331685883}
  m_SourcePrefab: {fileID: 100100000, guid: 32848ae1885050142802e5618de9a9bb, type: 3}
--- !u!1 &2657620830999529278 stripped
GameObject:
  m_CorrespondingSourceObject: {fileID: 8561827610223106674, guid: 32848ae1885050142802e5618de9a9bb, type: 3}
  m_PrefabInstance: {fileID: 5922370716952239436}
  m_PrefabAsset: {fileID: 0}
--- !u!114 &430344367331685883
MonoBehaviour:
  m_ObjectHideFlags: 0
  m_CorrespondingSourceObject: {fileID: 0}
  m_PrefabInstance: {fileID: 0}
  m_PrefabAsset: {fileID: 0}
  m_GameObject: {fileID: 2657620830999529278}
  m_Enabled: 1
  m_EditorHideFlags: 0
  m_Script: {fileID: 11500000, guid: 08486f061d3cf4846810e82ea6785b55, type: 3}
  m_Name: 
  m_EditorClassIdentifier: 
--- !u!114 &4893091479061183724 stripped
MonoBehaviour:
  m_CorrespondingSourceObject: {fileID: 1285702993310884256, guid: 32848ae1885050142802e5618de9a9bb, type: 3}
  m_PrefabInstance: {fileID: 5922370716952239436}
  m_PrefabAsset: {fileID: 0}
  m_GameObject: {fileID: 0}
  m_Enabled: 1
  m_EditorHideFlags: 0
  m_Script: {fileID: 11500000, guid: f4688fdb7df04437aeb418b961361dc5, type: 3}
  m_Name: 
  m_EditorClassIdentifier: 
--- !u!224 &5288136432023799428 stripped
RectTransform:
  m_CorrespondingSourceObject: {fileID: 1968988762013277128, guid: 32848ae1885050142802e5618de9a9bb, type: 3}
  m_PrefabInstance: {fileID: 5922370716952239436}
  m_PrefabAsset: {fileID: 0}
--- !u!114 &8601115333808510003 stripped
MonoBehaviour:
  m_CorrespondingSourceObject: {fileID: 2696864643108784511, guid: 32848ae1885050142802e5618de9a9bb, type: 3}
  m_PrefabInstance: {fileID: 5922370716952239436}
  m_PrefabAsset: {fileID: 0}
  m_GameObject: {fileID: 0}
  m_Enabled: 1
  m_EditorHideFlags: 0
  m_Script: {fileID: 11500000, guid: 4e29b1a8efbd4b44bb3f3716e73f07ff, type: 3}
  m_Name: 
  m_EditorClassIdentifier: 
