%YAML 1.1
%TAG !u! tag:unity3d.com,2011:
--- !u!1 &3285360273760830251
GameObject:
  m_ObjectHideFlags: 0
  m_CorrespondingSourceObject: {fileID: 0}
  m_PrefabInstance: {fileID: 0}
  m_PrefabAsset: {fileID: 0}
  serializedVersion: 6
  m_Component:
  - component: {fileID: 488591110014529527}
  - component: {fileID: 3629773513920200252}
  - component: {fileID: 2896396011655821813}
  - component: {fileID: 4497060962218598120}
  m_Layer: 0
  m_Name: BottomBar2
  m_TagString: Untagged
  m_Icon: {fileID: 0}
  m_NavMeshLayer: 0
  m_StaticEditorFlags: 0
  m_IsActive: 1
--- !u!224 &488591110014529527
RectTransform:
  m_ObjectHideFlags: 0
  m_CorrespondingSourceObject: {fileID: 0}
  m_PrefabInstance: {fileID: 0}
  m_PrefabAsset: {fileID: 0}
  m_GameObject: {fileID: 3285360273760830251}
  m_LocalRotation: {x: 0, y: 0, z: 0, w: 1}
  m_LocalPosition: {x: 0, y: 0, z: 0}
  m_LocalScale: {x: 1, y: 1, z: 1}
  m_ConstrainProportionsScale: 1
  m_Children:
  - {fileID: 9195788505827062206}
  - {fileID: 3303816478180392022}
  m_Father: {fileID: 0}
  m_LocalEulerAnglesHint: {x: 0, y: 0, z: 0}
  m_AnchorMin: {x: 0.5, y: 0.5}
  m_AnchorMax: {x: 0.5, y: 0.5}
  m_AnchoredPosition: {x: 0, y: -350}
  m_SizeDelta: {x: 567, y: 75}
  m_Pivot: {x: 0.5, y: 0.5}
--- !u!222 &3629773513920200252
CanvasRenderer:
  m_ObjectHideFlags: 0
  m_CorrespondingSourceObject: {fileID: 0}
  m_PrefabInstance: {fileID: 0}
  m_PrefabAsset: {fileID: 0}
  m_GameObject: {fileID: 3285360273760830251}
  m_CullTransparentMesh: 1
--- !u!114 &2896396011655821813
MonoBehaviour:
  m_ObjectHideFlags: 0
  m_CorrespondingSourceObject: {fileID: 0}
  m_PrefabInstance: {fileID: 0}
  m_PrefabAsset: {fileID: 0}
  m_GameObject: {fileID: 3285360273760830251}
  m_Enabled: 1
  m_EditorHideFlags: 0
  m_Script: {fileID: 11500000, guid: fe87c0e1cc204ed48ad3b37840f39efc, type: 3}
  m_Name: 
  m_EditorClassIdentifier: 
  m_Material: {fileID: 0}
  m_Color: {r: 1, g: 1, b: 1, a: 1}
  m_RaycastTarget: 1
  m_RaycastPadding: {x: 0, y: 0, z: 0, w: 0}
  m_Maskable: 1
  m_OnCullStateChanged:
    m_PersistentCalls:
      m_Calls: []
  m_Sprite: {fileID: 21300000, guid: d96f485a4abda884280e7a70de47377c, type: 3}
  m_Type: 0
  m_PreserveAspect: 1
  m_FillCenter: 1
  m_FillMethod: 4
  m_FillAmount: 1
  m_FillClockwise: 1
  m_FillOrigin: 0
  m_UseSpriteMesh: 0
  m_PixelsPerUnitMultiplier: 1
--- !u!114 &4497060962218598120
MonoBehaviour:
  m_ObjectHideFlags: 0
  m_CorrespondingSourceObject: {fileID: 0}
  m_PrefabInstance: {fileID: 0}
  m_PrefabAsset: {fileID: 0}
  m_GameObject: {fileID: 3285360273760830251}
  m_Enabled: 1
  m_EditorHideFlags: 0
  m_Script: {fileID: 11500000, guid: 3312d7739989d2b4e91e6319e9a96d76, type: 3}
  m_Name: 
  m_EditorClassIdentifier: 
  m_Padding: {x: 0, y: 0, z: 5, w: 0}
  m_Softness: {x: 0, y: 0}
--- !u!1 &3847659467920851575
GameObject:
  m_ObjectHideFlags: 0
  m_CorrespondingSourceObject: {fileID: 0}
  m_PrefabInstance: {fileID: 0}
  m_PrefabAsset: {fileID: 0}
  serializedVersion: 6
  m_Component:
  - component: {fileID: 6491277246411385098}
  - component: {fileID: 8223536773986992110}
  - component: {fileID: 4975246447792186522}
  m_Layer: 0
  m_Name: Line2
  m_TagString: Untagged
  m_Icon: {fileID: 0}
  m_NavMeshLayer: 0
  m_StaticEditorFlags: 0
  m_IsActive: 1
--- !u!224 &6491277246411385098
RectTransform:
  m_ObjectHideFlags: 0
  m_CorrespondingSourceObject: {fileID: 0}
  m_PrefabInstance: {fileID: 0}
  m_PrefabAsset: {fileID: 0}
  m_GameObject: {fileID: 3847659467920851575}
  m_LocalRotation: {x: -0, y: -0, z: -0, w: 1}
  m_LocalPosition: {x: 0, y: 0, z: 0}
  m_LocalScale: {x: 1, y: 1, z: 1}
  m_ConstrainProportionsScale: 1
  m_Children: []
  m_Father: {fileID: 3303816478180392022}
  m_LocalEulerAnglesHint: {x: 0, y: 0, z: 0}
  m_AnchorMin: {x: 0.5, y: 0.5}
  m_AnchorMax: {x: 0.5, y: 0.5}
  m_AnchoredPosition: {x: 120, y: 0}
  m_SizeDelta: {x: 2, y: 40}
  m_Pivot: {x: 0.5, y: 0.5}
--- !u!222 &8223536773986992110
CanvasRenderer:
  m_ObjectHideFlags: 0
  m_CorrespondingSourceObject: {fileID: 0}
  m_PrefabInstance: {fileID: 0}
  m_PrefabAsset: {fileID: 0}
  m_GameObject: {fileID: 3847659467920851575}
  m_CullTransparentMesh: 1
--- !u!114 &4975246447792186522
MonoBehaviour:
  m_ObjectHideFlags: 0
  m_CorrespondingSourceObject: {fileID: 0}
  m_PrefabInstance: {fileID: 0}
  m_PrefabAsset: {fileID: 0}
  m_GameObject: {fileID: 3847659467920851575}
  m_Enabled: 1
  m_EditorHideFlags: 0
  m_Script: {fileID: 11500000, guid: fe87c0e1cc204ed48ad3b37840f39efc, type: 3}
  m_Name: 
  m_EditorClassIdentifier: 
  m_Material: {fileID: 0}
  m_Color: {r: 1, g: 1, b: 1, a: 1}
  m_RaycastTarget: 1
  m_RaycastPadding: {x: 0, y: 0, z: 0, w: 0}
  m_Maskable: 1
  m_OnCullStateChanged:
    m_PersistentCalls:
      m_Calls: []
  m_Sprite: {fileID: 21300000, guid: 456190e618182ad49b251a62b7203c20, type: 3}
  m_Type: 0
  m_PreserveAspect: 1
  m_FillCenter: 1
  m_FillMethod: 4
  m_FillAmount: 1
  m_FillClockwise: 1
  m_FillOrigin: 0
  m_UseSpriteMesh: 0
  m_PixelsPerUnitMultiplier: 1
--- !u!1 &4526291925187614683
GameObject:
  m_ObjectHideFlags: 0
  m_CorrespondingSourceObject: {fileID: 0}
  m_PrefabInstance: {fileID: 0}
  m_PrefabAsset: {fileID: 0}
  serializedVersion: 6
  m_Component:
  - component: {fileID: 2518789678762959825}
  - component: {fileID: 1767853805317691758}
  - component: {fileID: 7382621144637995364}
  m_Layer: 0
  m_Name: ButtonField
  m_TagString: Untagged
  m_Icon: {fileID: 0}
  m_NavMeshLayer: 0
  m_StaticEditorFlags: 0
  m_IsActive: 1
--- !u!224 &2518789678762959825
RectTransform:
  m_ObjectHideFlags: 0
  m_CorrespondingSourceObject: {fileID: 0}
  m_PrefabInstance: {fileID: 0}
  m_PrefabAsset: {fileID: 0}
  m_GameObject: {fileID: 4526291925187614683}
  m_LocalRotation: {x: -0, y: -0, z: -0, w: 1}
  m_LocalPosition: {x: 0, y: 0, z: 0}
  m_LocalScale: {x: 1, y: 1, z: 1}
  m_ConstrainProportionsScale: 0
  m_Children: []
  m_Father: {fileID: 6980556232191240138}
  m_LocalEulerAnglesHint: {x: 0, y: 0, z: 0}
  m_AnchorMin: {x: 0.5, y: 0.5}
  m_AnchorMax: {x: 0.5, y: 0.5}
  m_AnchoredPosition: {x: 0, y: 0}
  m_SizeDelta: {x: 70, y: 50}
  m_Pivot: {x: 0.5, y: 0.5}
--- !u!222 &1767853805317691758
CanvasRenderer:
  m_ObjectHideFlags: 0
  m_CorrespondingSourceObject: {fileID: 0}
  m_PrefabInstance: {fileID: 0}
  m_PrefabAsset: {fileID: 0}
  m_GameObject: {fileID: 4526291925187614683}
  m_CullTransparentMesh: 1
--- !u!114 &7382621144637995364
MonoBehaviour:
  m_ObjectHideFlags: 0
  m_CorrespondingSourceObject: {fileID: 0}
  m_PrefabInstance: {fileID: 0}
  m_PrefabAsset: {fileID: 0}
  m_GameObject: {fileID: 4526291925187614683}
  m_Enabled: 1
  m_EditorHideFlags: 0
  m_Script: {fileID: 11500000, guid: fe87c0e1cc204ed48ad3b37840f39efc, type: 3}
  m_Name: 
  m_EditorClassIdentifier: 
  m_Material: {fileID: 0}
  m_Color: {r: 1, g: 1, b: 1, a: 0}
  m_RaycastTarget: 1
  m_RaycastPadding: {x: 0, y: 0, z: 0, w: 0}
  m_Maskable: 1
  m_OnCullStateChanged:
    m_PersistentCalls:
      m_Calls: []
  m_Sprite: {fileID: 0}
  m_Type: 0
  m_PreserveAspect: 0
  m_FillCenter: 1
  m_FillMethod: 4
  m_FillAmount: 1
  m_FillClockwise: 1
  m_FillOrigin: 0
  m_UseSpriteMesh: 0
  m_PixelsPerUnitMultiplier: 1
--- !u!1 &5425172756121831708
GameObject:
  m_ObjectHideFlags: 0
  m_CorrespondingSourceObject: {fileID: 0}
  m_PrefabInstance: {fileID: 0}
  m_PrefabAsset: {fileID: 0}
  serializedVersion: 6
  m_Component:
  - component: {fileID: 3303816478180392022}
  - component: {fileID: 4249366716107156201}
  - component: {fileID: 4632955430123856057}
  m_Layer: 0
  m_Name: DarkBar
  m_TagString: Untagged
  m_Icon: {fileID: 0}
  m_NavMeshLayer: 0
  m_StaticEditorFlags: 0
  m_IsActive: 1
--- !u!224 &3303816478180392022
RectTransform:
  m_ObjectHideFlags: 0
  m_CorrespondingSourceObject: {fileID: 0}
  m_PrefabInstance: {fileID: 0}
  m_PrefabAsset: {fileID: 0}
  m_GameObject: {fileID: 5425172756121831708}
  m_LocalRotation: {x: -0, y: -0, z: -0, w: 1}
  m_LocalPosition: {x: 0, y: 0, z: 0}
  m_LocalScale: {x: 1, y: 1, z: 1}
  m_ConstrainProportionsScale: 1
  m_Children:
  - {fileID: 8828038763880141180}
  - {fileID: 6491277246411385098}
  - {fileID: 7210334627414640635}
  - {fileID: 2066841955002957845}
  - {fileID: 6980556232191240138}
  - {fileID: 5922557161170353051}
  m_Father: {fileID: 488591110014529527}
  m_LocalEulerAnglesHint: {x: 0, y: 0, z: 0}
  m_AnchorMin: {x: 0.5, y: 0.5}
  m_AnchorMax: {x: 0.5, y: 0.5}
  m_AnchoredPosition: {x: -88, y: 4}
  m_SizeDelta: {x: 367, y: 51}
  m_Pivot: {x: 0.5, y: 0.5}
--- !u!222 &4249366716107156201
CanvasRenderer:
  m_ObjectHideFlags: 0
  m_CorrespondingSourceObject: {fileID: 0}
  m_PrefabInstance: {fileID: 0}
  m_PrefabAsset: {fileID: 0}
  m_GameObject: {fileID: 5425172756121831708}
  m_CullTransparentMesh: 1
--- !u!114 &4632955430123856057
MonoBehaviour:
  m_ObjectHideFlags: 0
  m_CorrespondingSourceObject: {fileID: 0}
  m_PrefabInstance: {fileID: 0}
  m_PrefabAsset: {fileID: 0}
  m_GameObject: {fileID: 5425172756121831708}
  m_Enabled: 1
  m_EditorHideFlags: 0
  m_Script: {fileID: 11500000, guid: fe87c0e1cc204ed48ad3b37840f39efc, type: 3}
  m_Name: 
  m_EditorClassIdentifier: 
  m_Material: {fileID: 0}
  m_Color: {r: 1, g: 1, b: 1, a: 1}
  m_RaycastTarget: 1
  m_RaycastPadding: {x: 0, y: 0, z: 0, w: 0}
  m_Maskable: 1
  m_OnCullStateChanged:
    m_PersistentCalls:
      m_Calls: []
  m_Sprite: {fileID: 21300000, guid: cc84655dd49debc42972fa43e7c38aed, type: 3}
  m_Type: 0
  m_PreserveAspect: 1
  m_FillCenter: 1
  m_FillMethod: 4
  m_FillAmount: 1
  m_FillClockwise: 1
  m_FillOrigin: 0
  m_UseSpriteMesh: 0
  m_PixelsPerUnitMultiplier: 1
--- !u!1 &7144575898209973299
GameObject:
  m_ObjectHideFlags: 0
  m_CorrespondingSourceObject: {fileID: 0}
  m_PrefabInstance: {fileID: 0}
  m_PrefabAsset: {fileID: 0}
  serializedVersion: 6
  m_Component:
  - component: {fileID: 1752166342551160092}
  - component: {fileID: 420997906247544120}
  - component: {fileID: 7119725236498461057}
  m_Layer: 0
  m_Name: ButtonImage (1)
  m_TagString: Untagged
  m_Icon: {fileID: 0}
  m_NavMeshLayer: 0
  m_StaticEditorFlags: 0
  m_IsActive: 1
--- !u!224 &1752166342551160092
RectTransform:
  m_ObjectHideFlags: 0
  m_CorrespondingSourceObject: {fileID: 0}
  m_PrefabInstance: {fileID: 0}
  m_PrefabAsset: {fileID: 0}
  m_GameObject: {fileID: 7144575898209973299}
  m_LocalRotation: {x: -0, y: -0, z: -0, w: 1}
  m_LocalPosition: {x: 0, y: 0, z: 0}
  m_LocalScale: {x: 1, y: 1, z: 1}
  m_ConstrainProportionsScale: 1
  m_Children: []
  m_Father: {fileID: 9195788505827062206}
  m_LocalEulerAnglesHint: {x: 0, y: 0, z: 0}
  m_AnchorMin: {x: 0.5, y: 0.5}
  m_AnchorMax: {x: 0.5, y: 0.5}
  m_AnchoredPosition: {x: 0, y: 0}
  m_SizeDelta: {x: 324, y: 102}
  m_Pivot: {x: 0.5, y: 0.5}
--- !u!222 &420997906247544120
CanvasRenderer:
  m_ObjectHideFlags: 0
  m_CorrespondingSourceObject: {fileID: 0}
  m_PrefabInstance: {fileID: 0}
  m_PrefabAsset: {fileID: 0}
  m_GameObject: {fileID: 7144575898209973299}
  m_CullTransparentMesh: 1
--- !u!114 &7119725236498461057
MonoBehaviour:
  m_ObjectHideFlags: 0
  m_CorrespondingSourceObject: {fileID: 0}
  m_PrefabInstance: {fileID: 0}
  m_PrefabAsset: {fileID: 0}
  m_GameObject: {fileID: 7144575898209973299}
  m_Enabled: 1
  m_EditorHideFlags: 0
  m_Script: {fileID: 11500000, guid: fe87c0e1cc204ed48ad3b37840f39efc, type: 3}
  m_Name: 
  m_EditorClassIdentifier: 
  m_Material: {fileID: 0}
  m_Color: {r: 1, g: 1, b: 1, a: 1}
  m_RaycastTarget: 1
  m_RaycastPadding: {x: 0, y: 0, z: 0, w: 0}
  m_Maskable: 1
  m_OnCullStateChanged:
    m_PersistentCalls:
      m_Calls: []
  m_Sprite: {fileID: 21300000, guid: 05df3615711b7824283e4f3578e88f32, type: 3}
  m_Type: 0
  m_PreserveAspect: 1
  m_FillCenter: 1
  m_FillMethod: 4
  m_FillAmount: 1
  m_FillClockwise: 1
  m_FillOrigin: 0
  m_UseSpriteMesh: 0
  m_PixelsPerUnitMultiplier: 1
--- !u!1 &7240148291268864499
GameObject:
  m_ObjectHideFlags: 0
  m_CorrespondingSourceObject: {fileID: 0}
  m_PrefabInstance: {fileID: 0}
  m_PrefabAsset: {fileID: 0}
  serializedVersion: 6
  m_Component:
  - component: {fileID: 8828038763880141180}
  - component: {fileID: 3305467081754861685}
  - component: {fileID: 6462438688376386631}
  m_Layer: 0
  m_Name: Line1
  m_TagString: Untagged
  m_Icon: {fileID: 0}
  m_NavMeshLayer: 0
  m_StaticEditorFlags: 0
  m_IsActive: 1
--- !u!224 &8828038763880141180
RectTransform:
  m_ObjectHideFlags: 0
  m_CorrespondingSourceObject: {fileID: 0}
  m_PrefabInstance: {fileID: 0}
  m_PrefabAsset: {fileID: 0}
  m_GameObject: {fileID: 7240148291268864499}
  m_LocalRotation: {x: -0, y: -0, z: -0, w: 1}
  m_LocalPosition: {x: 0, y: 0, z: 0}
  m_LocalScale: {x: 1, y: 1, z: 1}
  m_ConstrainProportionsScale: 1
  m_Children: []
  m_Father: {fileID: 3303816478180392022}
  m_LocalEulerAnglesHint: {x: 0, y: 0, z: 0}
  m_AnchorMin: {x: 0.5, y: 0.5}
  m_AnchorMax: {x: 0.5, y: 0.5}
  m_AnchoredPosition: {x: -120, y: 0}
  m_SizeDelta: {x: 2, y: 40}
  m_Pivot: {x: 0.5, y: 0.5}
--- !u!222 &3305467081754861685
CanvasRenderer:
  m_ObjectHideFlags: 0
  m_CorrespondingSourceObject: {fileID: 0}
  m_PrefabInstance: {fileID: 0}
  m_PrefabAsset: {fileID: 0}
  m_GameObject: {fileID: 7240148291268864499}
  m_CullTransparentMesh: 1
--- !u!114 &6462438688376386631
MonoBehaviour:
  m_ObjectHideFlags: 0
  m_CorrespondingSourceObject: {fileID: 0}
  m_PrefabInstance: {fileID: 0}
  m_PrefabAsset: {fileID: 0}
  m_GameObject: {fileID: 7240148291268864499}
  m_Enabled: 1
  m_EditorHideFlags: 0
  m_Script: {fileID: 11500000, guid: fe87c0e1cc204ed48ad3b37840f39efc, type: 3}
  m_Name: 
  m_EditorClassIdentifier: 
  m_Material: {fileID: 0}
  m_Color: {r: 1, g: 1, b: 1, a: 1}
  m_RaycastTarget: 1
  m_RaycastPadding: {x: 0, y: 0, z: 0, w: 0}
  m_Maskable: 1
  m_OnCullStateChanged:
    m_PersistentCalls:
      m_Calls: []
  m_Sprite: {fileID: 21300000, guid: 456190e618182ad49b251a62b7203c20, type: 3}
  m_Type: 0
  m_PreserveAspect: 1
  m_FillCenter: 1
  m_FillMethod: 4
  m_FillAmount: 1
  m_FillClockwise: 1
  m_FillOrigin: 0
  m_UseSpriteMesh: 0
  m_PixelsPerUnitMultiplier: 1
--- !u!1 &7337262356611133768
GameObject:
  m_ObjectHideFlags: 0
  m_CorrespondingSourceObject: {fileID: 0}
  m_PrefabInstance: {fileID: 0}
  m_PrefabAsset: {fileID: 0}
  serializedVersion: 6
  m_Component:
  - component: {fileID: 5022840712146774711}
  - component: {fileID: 452178619737369406}
  - component: {fileID: 8364391898652910458}
  m_Layer: 0
  m_Name: ButtonField
  m_TagString: Untagged
  m_Icon: {fileID: 0}
  m_NavMeshLayer: 0
  m_StaticEditorFlags: 0
  m_IsActive: 1
--- !u!224 &5022840712146774711
RectTransform:
  m_ObjectHideFlags: 0
  m_CorrespondingSourceObject: {fileID: 0}
  m_PrefabInstance: {fileID: 0}
  m_PrefabAsset: {fileID: 0}
  m_GameObject: {fileID: 7337262356611133768}
  m_LocalRotation: {x: -0, y: -0, z: -0, w: 1}
  m_LocalPosition: {x: 0, y: 0, z: 0}
  m_LocalScale: {x: 1, y: 1, z: 1}
  m_ConstrainProportionsScale: 0
  m_Children: []
  m_Father: {fileID: 5922557161170353051}
  m_LocalEulerAnglesHint: {x: 0, y: 0, z: 0}
  m_AnchorMin: {x: 0.5, y: 0.5}
  m_AnchorMax: {x: 0.5, y: 0.5}
  m_AnchoredPosition: {x: 0, y: 0}
  m_SizeDelta: {x: 70, y: 50}
  m_Pivot: {x: 0.5, y: 0.5}
--- !u!222 &452178619737369406
CanvasRenderer:
  m_ObjectHideFlags: 0
  m_CorrespondingSourceObject: {fileID: 0}
  m_PrefabInstance: {fileID: 0}
  m_PrefabAsset: {fileID: 0}
  m_GameObject: {fileID: 7337262356611133768}
  m_CullTransparentMesh: 1
--- !u!114 &8364391898652910458
MonoBehaviour:
  m_ObjectHideFlags: 0
  m_CorrespondingSourceObject: {fileID: 0}
  m_PrefabInstance: {fileID: 0}
  m_PrefabAsset: {fileID: 0}
  m_GameObject: {fileID: 7337262356611133768}
  m_Enabled: 1
  m_EditorHideFlags: 0
  m_Script: {fileID: 11500000, guid: fe87c0e1cc204ed48ad3b37840f39efc, type: 3}
  m_Name: 
  m_EditorClassIdentifier: 
  m_Material: {fileID: 0}
  m_Color: {r: 1, g: 1, b: 1, a: 0}
  m_RaycastTarget: 1
  m_RaycastPadding: {x: 0, y: 0, z: 0, w: 0}
  m_Maskable: 1
  m_OnCullStateChanged:
    m_PersistentCalls:
      m_Calls: []
  m_Sprite: {fileID: 0}
  m_Type: 0
  m_PreserveAspect: 0
  m_FillCenter: 1
  m_FillMethod: 4
  m_FillAmount: 1
  m_FillClockwise: 1
  m_FillOrigin: 0
  m_UseSpriteMesh: 0
  m_PixelsPerUnitMultiplier: 1
--- !u!1001 &1643970582741909550
PrefabInstance:
  m_ObjectHideFlags: 0
  serializedVersion: 2
  m_Modification:
    serializedVersion: 3
    m_TransformParent: {fileID: 3303816478180392022}
    m_Modifications:
    - target: {fileID: 1393178113141008167, guid: a5b99bf6479a58e448a6342b123a6bc0, type: 3}
      propertyPath: m_Controller
      value: 
      objectReference: {fileID: 9100000, guid: a4abe2903b4d75e4988d1a585d339831, type: 2}
    - target: {fileID: 3215387555297035703, guid: a5b99bf6479a58e448a6342b123a6bc0, type: 3}
      propertyPath: m_Name
      value: Plus
      objectReference: {fileID: 0}
    - target: {fileID: 3387341207977462974, guid: a5b99bf6479a58e448a6342b123a6bc0, type: 3}
      propertyPath: m_Sprite
      value: 
      objectReference: {fileID: 21300000, guid: a06dccc32d12bd34d841100c2711247e, type: 3}
    - target: {fileID: 4963433888598145973, guid: a5b99bf6479a58e448a6342b123a6bc0, type: 3}
      propertyPath: m_Pivot.x
      value: 0.5
      objectReference: {fileID: 0}
    - target: {fileID: 4963433888598145973, guid: a5b99bf6479a58e448a6342b123a6bc0, type: 3}
      propertyPath: m_Pivot.y
      value: 0.5
      objectReference: {fileID: 0}
    - target: {fileID: 4963433888598145973, guid: a5b99bf6479a58e448a6342b123a6bc0, type: 3}
      propertyPath: m_AnchorMax.x
      value: 0.5
      objectReference: {fileID: 0}
    - target: {fileID: 4963433888598145973, guid: a5b99bf6479a58e448a6342b123a6bc0, type: 3}
      propertyPath: m_AnchorMax.y
      value: 0.5
      objectReference: {fileID: 0}
    - target: {fileID: 4963433888598145973, guid: a5b99bf6479a58e448a6342b123a6bc0, type: 3}
      propertyPath: m_AnchorMin.x
      value: 0.5
      objectReference: {fileID: 0}
    - target: {fileID: 4963433888598145973, guid: a5b99bf6479a58e448a6342b123a6bc0, type: 3}
      propertyPath: m_AnchorMin.y
      value: 0.5
      objectReference: {fileID: 0}
    - target: {fileID: 4963433888598145973, guid: a5b99bf6479a58e448a6342b123a6bc0, type: 3}
      propertyPath: m_SizeDelta.x
      value: 14
      objectReference: {fileID: 0}
    - target: {fileID: 4963433888598145973, guid: a5b99bf6479a58e448a6342b123a6bc0, type: 3}
      propertyPath: m_SizeDelta.y
      value: 24
      objectReference: {fileID: 0}
    - target: {fileID: 4963433888598145973, guid: a5b99bf6479a58e448a6342b123a6bc0, type: 3}
      propertyPath: m_LocalPosition.x
      value: 0
      objectReference: {fileID: 0}
    - target: {fileID: 4963433888598145973, guid: a5b99bf6479a58e448a6342b123a6bc0, type: 3}
      propertyPath: m_LocalPosition.y
      value: 0
      objectReference: {fileID: 0}
    - target: {fileID: 4963433888598145973, guid: a5b99bf6479a58e448a6342b123a6bc0, type: 3}
      propertyPath: m_LocalPosition.z
      value: 0
      objectReference: {fileID: 0}
    - target: {fileID: 4963433888598145973, guid: a5b99bf6479a58e448a6342b123a6bc0, type: 3}
      propertyPath: m_LocalRotation.w
      value: 1
      objectReference: {fileID: 0}
    - target: {fileID: 4963433888598145973, guid: a5b99bf6479a58e448a6342b123a6bc0, type: 3}
      propertyPath: m_LocalRotation.x
      value: -0
      objectReference: {fileID: 0}
    - target: {fileID: 4963433888598145973, guid: a5b99bf6479a58e448a6342b123a6bc0, type: 3}
      propertyPath: m_LocalRotation.y
      value: -0
      objectReference: {fileID: 0}
    - target: {fileID: 4963433888598145973, guid: a5b99bf6479a58e448a6342b123a6bc0, type: 3}
      propertyPath: m_LocalRotation.z
      value: -0
      objectReference: {fileID: 0}
    - target: {fileID: 4963433888598145973, guid: a5b99bf6479a58e448a6342b123a6bc0, type: 3}
      propertyPath: m_AnchoredPosition.x
      value: 150
      objectReference: {fileID: 0}
    - target: {fileID: 4963433888598145973, guid: a5b99bf6479a58e448a6342b123a6bc0, type: 3}
      propertyPath: m_AnchoredPosition.y
      value: 0
      objectReference: {fileID: 0}
    - target: {fileID: 4963433888598145973, guid: a5b99bf6479a58e448a6342b123a6bc0, type: 3}
      propertyPath: m_LocalEulerAnglesHint.x
      value: 0
      objectReference: {fileID: 0}
    - target: {fileID: 4963433888598145973, guid: a5b99bf6479a58e448a6342b123a6bc0, type: 3}
      propertyPath: m_LocalEulerAnglesHint.y
      value: 0
      objectReference: {fileID: 0}
    - target: {fileID: 4963433888598145973, guid: a5b99bf6479a58e448a6342b123a6bc0, type: 3}
      propertyPath: m_LocalEulerAnglesHint.z
      value: 0
      objectReference: {fileID: 0}
    - target: {fileID: 4963433888598145973, guid: a5b99bf6479a58e448a6342b123a6bc0, type: 3}
      propertyPath: m_ConstrainProportionsScale
      value: 1
      objectReference: {fileID: 0}
    - target: {fileID: 8798997650228072256, guid: a5b99bf6479a58e448a6342b123a6bc0, type: 3}
      propertyPath: m_SizeDelta.x
      value: 36
      objectReference: {fileID: 0}
    - target: {fileID: 8798997650228072256, guid: a5b99bf6479a58e448a6342b123a6bc0, type: 3}
      propertyPath: m_SizeDelta.y
      value: 36
      objectReference: {fileID: 0}
    - target: {fileID: 8798997650228072256, guid: a5b99bf6479a58e448a6342b123a6bc0, type: 3}
      propertyPath: m_LocalScale.x
      value: 1
      objectReference: {fileID: 0}
    - target: {fileID: 8798997650228072256, guid: a5b99bf6479a58e448a6342b123a6bc0, type: 3}
      propertyPath: m_LocalScale.y
      value: 1
      objectReference: {fileID: 0}
    - target: {fileID: 8798997650228072256, guid: a5b99bf6479a58e448a6342b123a6bc0, type: 3}
      propertyPath: m_LocalScale.z
      value: 1
      objectReference: {fileID: 0}
    - target: {fileID: 8798997650228072256, guid: a5b99bf6479a58e448a6342b123a6bc0, type: 3}
      propertyPath: m_LocalRotation.w
      value: 0
      objectReference: {fileID: 0}
    - target: {fileID: 8798997650228072256, guid: a5b99bf6479a58e448a6342b123a6bc0, type: 3}
      propertyPath: m_LocalRotation.x
      value: 0
      objectReference: {fileID: 0}
    - target: {fileID: 8798997650228072256, guid: a5b99bf6479a58e448a6342b123a6bc0, type: 3}
      propertyPath: m_LocalRotation.y
      value: 0
      objectReference: {fileID: 0}
    - target: {fileID: 8798997650228072256, guid: a5b99bf6479a58e448a6342b123a6bc0, type: 3}
      propertyPath: m_LocalRotation.z
      value: 1
      objectReference: {fileID: 0}
    - target: {fileID: 8798997650228072256, guid: a5b99bf6479a58e448a6342b123a6bc0, type: 3}
      propertyPath: m_LocalEulerAnglesHint.z
      value: 180
      objectReference: {fileID: 0}
    m_RemovedComponents: []
    m_RemovedGameObjects: []
    m_AddedGameObjects:
    - targetCorrespondingSourceObject: {fileID: 4963433888598145973, guid: a5b99bf6479a58e448a6342b123a6bc0, type: 3}
      insertIndex: -1
      addedObject: {fileID: 5022840712146774711}
    m_AddedComponents: []
  m_SourcePrefab: {fileID: 100100000, guid: a5b99bf6479a58e448a6342b123a6bc0, type: 3}
--- !u!224 &5922557161170353051 stripped
RectTransform:
  m_CorrespondingSourceObject: {fileID: 4963433888598145973, guid: a5b99bf6479a58e448a6342b123a6bc0, type: 3}
  m_PrefabInstance: {fileID: 1643970582741909550}
  m_PrefabAsset: {fileID: 0}
--- !u!1001 &2611597657749249151
PrefabInstance:
  m_ObjectHideFlags: 0
  serializedVersion: 2
  m_Modification:
    serializedVersion: 3
    m_TransformParent: {fileID: 3303816478180392022}
    m_Modifications:
    - target: {fileID: 1393178113141008167, guid: a5b99bf6479a58e448a6342b123a6bc0, type: 3}
      propertyPath: m_Controller
      value: 
      objectReference: {fileID: 9100000, guid: a4abe2903b4d75e4988d1a585d339831, type: 2}
    - target: {fileID: 3215387555297035703, guid: a5b99bf6479a58e448a6342b123a6bc0, type: 3}
      propertyPath: m_Name
      value: Minus
      objectReference: {fileID: 0}
    - target: {fileID: 3387341207977462974, guid: a5b99bf6479a58e448a6342b123a6bc0, type: 3}
      propertyPath: m_Sprite
      value: 
      objectReference: {fileID: 21300000, guid: f00289656718e204aa623ed3cf637e91, type: 3}
    - target: {fileID: 4963433888598145973, guid: a5b99bf6479a58e448a6342b123a6bc0, type: 3}
      propertyPath: m_Pivot.x
      value: 0.5
      objectReference: {fileID: 0}
    - target: {fileID: 4963433888598145973, guid: a5b99bf6479a58e448a6342b123a6bc0, type: 3}
      propertyPath: m_Pivot.y
      value: 0.5
      objectReference: {fileID: 0}
    - target: {fileID: 4963433888598145973, guid: a5b99bf6479a58e448a6342b123a6bc0, type: 3}
      propertyPath: m_AnchorMax.x
      value: 0.5
      objectReference: {fileID: 0}
    - target: {fileID: 4963433888598145973, guid: a5b99bf6479a58e448a6342b123a6bc0, type: 3}
      propertyPath: m_AnchorMax.y
      value: 0.5
      objectReference: {fileID: 0}
    - target: {fileID: 4963433888598145973, guid: a5b99bf6479a58e448a6342b123a6bc0, type: 3}
      propertyPath: m_AnchorMin.x
      value: 0.5
      objectReference: {fileID: 0}
    - target: {fileID: 4963433888598145973, guid: a5b99bf6479a58e448a6342b123a6bc0, type: 3}
      propertyPath: m_AnchorMin.y
      value: 0.5
      objectReference: {fileID: 0}
    - target: {fileID: 4963433888598145973, guid: a5b99bf6479a58e448a6342b123a6bc0, type: 3}
      propertyPath: m_SizeDelta.x
      value: 14
      objectReference: {fileID: 0}
    - target: {fileID: 4963433888598145973, guid: a5b99bf6479a58e448a6342b123a6bc0, type: 3}
      propertyPath: m_SizeDelta.y
      value: 24
      objectReference: {fileID: 0}
    - target: {fileID: 4963433888598145973, guid: a5b99bf6479a58e448a6342b123a6bc0, type: 3}
      propertyPath: m_LocalPosition.x
      value: 0
      objectReference: {fileID: 0}
    - target: {fileID: 4963433888598145973, guid: a5b99bf6479a58e448a6342b123a6bc0, type: 3}
      propertyPath: m_LocalPosition.y
      value: 0
      objectReference: {fileID: 0}
    - target: {fileID: 4963433888598145973, guid: a5b99bf6479a58e448a6342b123a6bc0, type: 3}
      propertyPath: m_LocalPosition.z
      value: 0
      objectReference: {fileID: 0}
    - target: {fileID: 4963433888598145973, guid: a5b99bf6479a58e448a6342b123a6bc0, type: 3}
      propertyPath: m_LocalRotation.w
      value: 1
      objectReference: {fileID: 0}
    - target: {fileID: 4963433888598145973, guid: a5b99bf6479a58e448a6342b123a6bc0, type: 3}
      propertyPath: m_LocalRotation.x
      value: -0
      objectReference: {fileID: 0}
    - target: {fileID: 4963433888598145973, guid: a5b99bf6479a58e448a6342b123a6bc0, type: 3}
      propertyPath: m_LocalRotation.y
      value: -0
      objectReference: {fileID: 0}
    - target: {fileID: 4963433888598145973, guid: a5b99bf6479a58e448a6342b123a6bc0, type: 3}
      propertyPath: m_LocalRotation.z
      value: -0
      objectReference: {fileID: 0}
    - target: {fileID: 4963433888598145973, guid: a5b99bf6479a58e448a6342b123a6bc0, type: 3}
      propertyPath: m_AnchoredPosition.x
      value: -150
      objectReference: {fileID: 0}
    - target: {fileID: 4963433888598145973, guid: a5b99bf6479a58e448a6342b123a6bc0, type: 3}
      propertyPath: m_AnchoredPosition.y
      value: 0
      objectReference: {fileID: 0}
    - target: {fileID: 4963433888598145973, guid: a5b99bf6479a58e448a6342b123a6bc0, type: 3}
      propertyPath: m_LocalEulerAnglesHint.x
      value: 0
      objectReference: {fileID: 0}
    - target: {fileID: 4963433888598145973, guid: a5b99bf6479a58e448a6342b123a6bc0, type: 3}
      propertyPath: m_LocalEulerAnglesHint.y
      value: 0
      objectReference: {fileID: 0}
    - target: {fileID: 4963433888598145973, guid: a5b99bf6479a58e448a6342b123a6bc0, type: 3}
      propertyPath: m_LocalEulerAnglesHint.z
      value: 0
      objectReference: {fileID: 0}
    - target: {fileID: 4963433888598145973, guid: a5b99bf6479a58e448a6342b123a6bc0, type: 3}
      propertyPath: m_ConstrainProportionsScale
      value: 1
      objectReference: {fileID: 0}
    - target: {fileID: 8798997650228072256, guid: a5b99bf6479a58e448a6342b123a6bc0, type: 3}
      propertyPath: m_SizeDelta.x
      value: 28
      objectReference: {fileID: 0}
    - target: {fileID: 8798997650228072256, guid: a5b99bf6479a58e448a6342b123a6bc0, type: 3}
      propertyPath: m_SizeDelta.y
      value: 9
      objectReference: {fileID: 0}
    - target: {fileID: 8798997650228072256, guid: a5b99bf6479a58e448a6342b123a6bc0, type: 3}
      propertyPath: m_LocalScale.x
      value: 1
      objectReference: {fileID: 0}
    - target: {fileID: 8798997650228072256, guid: a5b99bf6479a58e448a6342b123a6bc0, type: 3}
      propertyPath: m_LocalScale.y
      value: 1
      objectReference: {fileID: 0}
    - target: {fileID: 8798997650228072256, guid: a5b99bf6479a58e448a6342b123a6bc0, type: 3}
      propertyPath: m_LocalScale.z
      value: 1
      objectReference: {fileID: 0}
    m_RemovedComponents: []
    m_RemovedGameObjects: []
    m_AddedGameObjects:
    - targetCorrespondingSourceObject: {fileID: 4963433888598145973, guid: a5b99bf6479a58e448a6342b123a6bc0, type: 3}
      insertIndex: -1
      addedObject: {fileID: 2518789678762959825}
    m_AddedComponents: []
  m_SourcePrefab: {fileID: 100100000, guid: a5b99bf6479a58e448a6342b123a6bc0, type: 3}
--- !u!224 &6980556232191240138 stripped
RectTransform:
  m_CorrespondingSourceObject: {fileID: 4963433888598145973, guid: a5b99bf6479a58e448a6342b123a6bc0, type: 3}
  m_PrefabInstance: {fileID: 2611597657749249151}
  m_PrefabAsset: {fileID: 0}
--- !u!1001 &3489037257248393345
PrefabInstance:
  m_ObjectHideFlags: 0
  serializedVersion: 2
  m_Modification:
    serializedVersion: 3
    m_TransformParent: {fileID: 9195788505827062206}
    m_Modifications:
    - target: {fileID: 823631767156613262, guid: 733c2bcb090d7b242820d208d4d11114, type: 3}
      propertyPath: m_text
      value: "\u0418\u0433\u0440\u0430\u0442\u044C"
      objectReference: {fileID: 0}
    - target: {fileID: 823631767156613262, guid: 733c2bcb090d7b242820d208d4d11114, type: 3}
      propertyPath: m_fontSize
      value: 30
      objectReference: {fileID: 0}
    - target: {fileID: 823631767156613262, guid: 733c2bcb090d7b242820d208d4d11114, type: 3}
      propertyPath: m_margin.w
      value: 5
      objectReference: {fileID: 0}
    - target: {fileID: 823631767156613262, guid: 733c2bcb090d7b242820d208d4d11114, type: 3}
      propertyPath: m_margin.x
      value: 5
      objectReference: {fileID: 0}
    - target: {fileID: 823631767156613262, guid: 733c2bcb090d7b242820d208d4d11114, type: 3}
      propertyPath: m_margin.y
      value: 5
      objectReference: {fileID: 0}
    - target: {fileID: 823631767156613262, guid: 733c2bcb090d7b242820d208d4d11114, type: 3}
      propertyPath: m_fontStyle
      value: 1
      objectReference: {fileID: 0}
    - target: {fileID: 823631767156613262, guid: 733c2bcb090d7b242820d208d4d11114, type: 3}
      propertyPath: m_fontSizeMax
      value: 30
      objectReference: {fileID: 0}
    - target: {fileID: 823631767156613262, guid: 733c2bcb090d7b242820d208d4d11114, type: 3}
      propertyPath: m_HorizontalAlignment
      value: 2
      objectReference: {fileID: 0}
    - target: {fileID: 5868150145805592955, guid: 733c2bcb090d7b242820d208d4d11114, type: 3}
      propertyPath: m_Pivot.x
      value: 0.5
      objectReference: {fileID: 0}
    - target: {fileID: 5868150145805592955, guid: 733c2bcb090d7b242820d208d4d11114, type: 3}
      propertyPath: m_Pivot.y
      value: 0.5
      objectReference: {fileID: 0}
    - target: {fileID: 5868150145805592955, guid: 733c2bcb090d7b242820d208d4d11114, type: 3}
      propertyPath: m_AnchorMax.x
      value: 0.5
      objectReference: {fileID: 0}
    - target: {fileID: 5868150145805592955, guid: 733c2bcb090d7b242820d208d4d11114, type: 3}
      propertyPath: m_AnchorMax.y
      value: 0.5
      objectReference: {fileID: 0}
    - target: {fileID: 5868150145805592955, guid: 733c2bcb090d7b242820d208d4d11114, type: 3}
      propertyPath: m_AnchorMin.x
      value: 0.5
      objectReference: {fileID: 0}
    - target: {fileID: 5868150145805592955, guid: 733c2bcb090d7b242820d208d4d11114, type: 3}
      propertyPath: m_AnchorMin.y
      value: 0.5
      objectReference: {fileID: 0}
    - target: {fileID: 5868150145805592955, guid: 733c2bcb090d7b242820d208d4d11114, type: 3}
      propertyPath: m_SizeDelta.x
      value: 162
      objectReference: {fileID: 0}
    - target: {fileID: 5868150145805592955, guid: 733c2bcb090d7b242820d208d4d11114, type: 3}
      propertyPath: m_SizeDelta.y
      value: 51
      objectReference: {fileID: 0}
    - target: {fileID: 5868150145805592955, guid: 733c2bcb090d7b242820d208d4d11114, type: 3}
      propertyPath: m_LocalPosition.x
      value: 0
      objectReference: {fileID: 0}
    - target: {fileID: 5868150145805592955, guid: 733c2bcb090d7b242820d208d4d11114, type: 3}
      propertyPath: m_LocalPosition.y
      value: 0
      objectReference: {fileID: 0}
    - target: {fileID: 5868150145805592955, guid: 733c2bcb090d7b242820d208d4d11114, type: 3}
      propertyPath: m_LocalPosition.z
      value: 0
      objectReference: {fileID: 0}
    - target: {fileID: 5868150145805592955, guid: 733c2bcb090d7b242820d208d4d11114, type: 3}
      propertyPath: m_LocalRotation.w
      value: 1
      objectReference: {fileID: 0}
    - target: {fileID: 5868150145805592955, guid: 733c2bcb090d7b242820d208d4d11114, type: 3}
      propertyPath: m_LocalRotation.x
      value: 0
      objectReference: {fileID: 0}
    - target: {fileID: 5868150145805592955, guid: 733c2bcb090d7b242820d208d4d11114, type: 3}
      propertyPath: m_LocalRotation.y
      value: 0
      objectReference: {fileID: 0}
    - target: {fileID: 5868150145805592955, guid: 733c2bcb090d7b242820d208d4d11114, type: 3}
      propertyPath: m_LocalRotation.z
      value: 0
      objectReference: {fileID: 0}
    - target: {fileID: 5868150145805592955, guid: 733c2bcb090d7b242820d208d4d11114, type: 3}
      propertyPath: m_AnchoredPosition.x
      value: 0.000048637
      objectReference: {fileID: 0}
    - target: {fileID: 5868150145805592955, guid: 733c2bcb090d7b242820d208d4d11114, type: 3}
      propertyPath: m_AnchoredPosition.y
      value: -0.000005722
      objectReference: {fileID: 0}
    - target: {fileID: 5868150145805592955, guid: 733c2bcb090d7b242820d208d4d11114, type: 3}
      propertyPath: m_LocalEulerAnglesHint.x
      value: 0
      objectReference: {fileID: 0}
    - target: {fileID: 5868150145805592955, guid: 733c2bcb090d7b242820d208d4d11114, type: 3}
      propertyPath: m_LocalEulerAnglesHint.y
      value: 0
      objectReference: {fileID: 0}
    - target: {fileID: 5868150145805592955, guid: 733c2bcb090d7b242820d208d4d11114, type: 3}
      propertyPath: m_LocalEulerAnglesHint.z
      value: 0
      objectReference: {fileID: 0}
    - target: {fileID: 7356708571434953137, guid: 733c2bcb090d7b242820d208d4d11114, type: 3}
      propertyPath: m_Name
      value: ButtonText
      objectReference: {fileID: 0}
    m_RemovedComponents: []
    m_RemovedGameObjects: []
    m_AddedGameObjects: []
    m_AddedComponents:
    - targetCorrespondingSourceObject: {fileID: 7356708571434953137, guid: 733c2bcb090d7b242820d208d4d11114, type: 3}
      insertIndex: -1
      addedObject: {fileID: 1110180034475023571}
  m_SourcePrefab: {fileID: 100100000, guid: 733c2bcb090d7b242820d208d4d11114, type: 3}
--- !u!114 &4252994935021381647 stripped
MonoBehaviour:
  m_CorrespondingSourceObject: {fileID: 823631767156613262, guid: 733c2bcb090d7b242820d208d4d11114, type: 3}
  m_PrefabInstance: {fileID: 3489037257248393345}
  m_PrefabAsset: {fileID: 0}
  m_GameObject: {fileID: 6229546535531012400}
  m_Enabled: 1
  m_EditorHideFlags: 0
  m_Script: {fileID: 11500000, guid: f4688fdb7df04437aeb418b961361dc5, type: 3}
  m_Name: 
  m_EditorClassIdentifier: 
--- !u!1 &6229546535531012400 stripped
GameObject:
  m_CorrespondingSourceObject: {fileID: 7356708571434953137, guid: 733c2bcb090d7b242820d208d4d11114, type: 3}
  m_PrefabInstance: {fileID: 3489037257248393345}
  m_PrefabAsset: {fileID: 0}
--- !u!114 &1110180034475023571
MonoBehaviour:
  m_ObjectHideFlags: 0
  m_CorrespondingSourceObject: {fileID: 0}
  m_PrefabInstance: {fileID: 0}
  m_PrefabAsset: {fileID: 0}
  m_GameObject: {fileID: 6229546535531012400}
  m_Enabled: 1
  m_EditorHideFlags: 0
  m_Script: {fileID: 11500000, guid: 56eb0353ae6e5124bb35b17aff880f16, type: 3}
  m_Name: 
  m_EditorClassIdentifier: 
  m_StringReference:
    m_TableReference:
      m_TableCollectionName: GUID:724295ecca24ea24482f12fee582daab
    m_TableEntryReference:
      m_KeyId: 2299930493513728
      m_Key: 
    m_FallbackState: 0
    m_WaitForCompletion: 0
    m_LocalVariables: []
  m_FormatArguments: []
  m_UpdateString:
    m_PersistentCalls:
      m_Calls:
      - m_Target: {fileID: 4252994935021381647}
        m_TargetAssemblyTypeName: TMPro.TMP_Text, Unity.TextMeshPro
        m_MethodName: set_text
        m_Mode: 0
        m_Arguments:
          m_ObjectArgument: {fileID: 0}
          m_ObjectArgumentAssemblyTypeName: UnityEngine.Object, UnityEngine
          m_IntArgument: 0
          m_FloatArgument: 0
          m_StringArgument: 
          m_BoolArgument: 0
        m_CallState: 2
  references:
    version: 2
    RefIds: []
--- !u!224 &6990808805475017210 stripped
RectTransform:
  m_CorrespondingSourceObject: {fileID: 5868150145805592955, guid: 733c2bcb090d7b242820d208d4d11114, type: 3}
  m_PrefabInstance: {fileID: 3489037257248393345}
  m_PrefabAsset: {fileID: 0}
--- !u!1001 &3854969490611220096
PrefabInstance:
  m_ObjectHideFlags: 0
  serializedVersion: 2
  m_Modification:
    serializedVersion: 3
    m_TransformParent: {fileID: 3303816478180392022}
    m_Modifications:
    - target: {fileID: 823631767156613262, guid: 733c2bcb090d7b242820d208d4d11114, type: 3}
      propertyPath: m_text
      value: "10 000 \u0440."
      objectReference: {fileID: 0}
    - target: {fileID: 823631767156613262, guid: 733c2bcb090d7b242820d208d4d11114, type: 3}
      propertyPath: m_fontSize
      value: 35.3
      objectReference: {fileID: 0}
    - target: {fileID: 823631767156613262, guid: 733c2bcb090d7b242820d208d4d11114, type: 3}
      propertyPath: m_margin.w
      value: 5
      objectReference: {fileID: 0}
    - target: {fileID: 823631767156613262, guid: 733c2bcb090d7b242820d208d4d11114, type: 3}
      propertyPath: m_margin.x
      value: 10
      objectReference: {fileID: 0}
    - target: {fileID: 823631767156613262, guid: 733c2bcb090d7b242820d208d4d11114, type: 3}
      propertyPath: m_margin.y
      value: 5
      objectReference: {fileID: 0}
    - target: {fileID: 823631767156613262, guid: 733c2bcb090d7b242820d208d4d11114, type: 3}
      propertyPath: m_margin.z
      value: 10
      objectReference: {fileID: 0}
    - target: {fileID: 823631767156613262, guid: 733c2bcb090d7b242820d208d4d11114, type: 3}
      propertyPath: m_fontStyle
      value: 0
      objectReference: {fileID: 0}
    - target: {fileID: 823631767156613262, guid: 733c2bcb090d7b242820d208d4d11114, type: 3}
      propertyPath: m_fontSizeMax
      value: 50
      objectReference: {fileID: 0}
    - target: {fileID: 823631767156613262, guid: 733c2bcb090d7b242820d208d4d11114, type: 3}
      propertyPath: m_HorizontalAlignment
      value: 2
      objectReference: {fileID: 0}
    - target: {fileID: 5868150145805592955, guid: 733c2bcb090d7b242820d208d4d11114, type: 3}
      propertyPath: m_Pivot.x
      value: 0.5
      objectReference: {fileID: 0}
    - target: {fileID: 5868150145805592955, guid: 733c2bcb090d7b242820d208d4d11114, type: 3}
      propertyPath: m_Pivot.y
      value: 0.5
      objectReference: {fileID: 0}
    - target: {fileID: 5868150145805592955, guid: 733c2bcb090d7b242820d208d4d11114, type: 3}
      propertyPath: m_AnchorMax.x
      value: 0.5
      objectReference: {fileID: 0}
    - target: {fileID: 5868150145805592955, guid: 733c2bcb090d7b242820d208d4d11114, type: 3}
      propertyPath: m_AnchorMax.y
      value: 0.5
      objectReference: {fileID: 0}
    - target: {fileID: 5868150145805592955, guid: 733c2bcb090d7b242820d208d4d11114, type: 3}
      propertyPath: m_AnchorMin.x
      value: 0.5
      objectReference: {fileID: 0}
    - target: {fileID: 5868150145805592955, guid: 733c2bcb090d7b242820d208d4d11114, type: 3}
      propertyPath: m_AnchorMin.y
      value: 0.5
      objectReference: {fileID: 0}
    - target: {fileID: 5868150145805592955, guid: 733c2bcb090d7b242820d208d4d11114, type: 3}
      propertyPath: m_SizeDelta.x
      value: 244.67
      objectReference: {fileID: 0}
    - target: {fileID: 5868150145805592955, guid: 733c2bcb090d7b242820d208d4d11114, type: 3}
      propertyPath: m_SizeDelta.y
      value: 50
      objectReference: {fileID: 0}
    - target: {fileID: 5868150145805592955, guid: 733c2bcb090d7b242820d208d4d11114, type: 3}
      propertyPath: m_LocalScale.x
      value: 0.97274
      objectReference: {fileID: 0}
    - target: {fileID: 5868150145805592955, guid: 733c2bcb090d7b242820d208d4d11114, type: 3}
      propertyPath: m_LocalScale.y
      value: 0.97274
      objectReference: {fileID: 0}
    - target: {fileID: 5868150145805592955, guid: 733c2bcb090d7b242820d208d4d11114, type: 3}
      propertyPath: m_LocalScale.z
      value: 0.97274
      objectReference: {fileID: 0}
    - target: {fileID: 5868150145805592955, guid: 733c2bcb090d7b242820d208d4d11114, type: 3}
      propertyPath: m_LocalPosition.x
      value: 0
      objectReference: {fileID: 0}
    - target: {fileID: 5868150145805592955, guid: 733c2bcb090d7b242820d208d4d11114, type: 3}
      propertyPath: m_LocalPosition.y
      value: 0
      objectReference: {fileID: 0}
    - target: {fileID: 5868150145805592955, guid: 733c2bcb090d7b242820d208d4d11114, type: 3}
      propertyPath: m_LocalPosition.z
      value: 0
      objectReference: {fileID: 0}
    - target: {fileID: 5868150145805592955, guid: 733c2bcb090d7b242820d208d4d11114, type: 3}
      propertyPath: m_LocalRotation.w
      value: 1
      objectReference: {fileID: 0}
    - target: {fileID: 5868150145805592955, guid: 733c2bcb090d7b242820d208d4d11114, type: 3}
      propertyPath: m_LocalRotation.x
      value: -0
      objectReference: {fileID: 0}
    - target: {fileID: 5868150145805592955, guid: 733c2bcb090d7b242820d208d4d11114, type: 3}
      propertyPath: m_LocalRotation.y
      value: -0
      objectReference: {fileID: 0}
    - target: {fileID: 5868150145805592955, guid: 733c2bcb090d7b242820d208d4d11114, type: 3}
      propertyPath: m_LocalRotation.z
      value: -0
      objectReference: {fileID: 0}
    - target: {fileID: 5868150145805592955, guid: 733c2bcb090d7b242820d208d4d11114, type: 3}
      propertyPath: m_AnchoredPosition.x
      value: 0
      objectReference: {fileID: 0}
    - target: {fileID: 5868150145805592955, guid: 733c2bcb090d7b242820d208d4d11114, type: 3}
      propertyPath: m_AnchoredPosition.y
      value: 5.6
      objectReference: {fileID: 0}
    - target: {fileID: 5868150145805592955, guid: 733c2bcb090d7b242820d208d4d11114, type: 3}
      propertyPath: m_LocalEulerAnglesHint.x
      value: 0
      objectReference: {fileID: 0}
    - target: {fileID: 5868150145805592955, guid: 733c2bcb090d7b242820d208d4d11114, type: 3}
      propertyPath: m_LocalEulerAnglesHint.y
      value: 0
      objectReference: {fileID: 0}
    - target: {fileID: 5868150145805592955, guid: 733c2bcb090d7b242820d208d4d11114, type: 3}
      propertyPath: m_LocalEulerAnglesHint.z
      value: 0
      objectReference: {fileID: 0}
    - target: {fileID: 7356708571434953137, guid: 733c2bcb090d7b242820d208d4d11114, type: 3}
      propertyPath: m_Name
      value: BidAmount
      objectReference: {fileID: 0}
    m_RemovedComponents: []
    m_RemovedGameObjects: []
    m_AddedGameObjects: []
    m_AddedComponents:
    - targetCorrespondingSourceObject: {fileID: 7356708571434953137, guid: 733c2bcb090d7b242820d208d4d11114, type: 3}
      insertIndex: -1
      addedObject: {fileID: 2700240716013181310}
  m_SourcePrefab: {fileID: 100100000, guid: 733c2bcb090d7b242820d208d4d11114, type: 3}
--- !u!114 &4472561417945435662 stripped
MonoBehaviour:
  m_CorrespondingSourceObject: {fileID: 823631767156613262, guid: 733c2bcb090d7b242820d208d4d11114, type: 3}
  m_PrefabInstance: {fileID: 3854969490611220096}
  m_PrefabAsset: {fileID: 0}
  m_GameObject: {fileID: 6010015374969014065}
  m_Enabled: 1
  m_EditorHideFlags: 0
  m_Script: {fileID: 11500000, guid: f4688fdb7df04437aeb418b961361dc5, type: 3}
  m_Name: 
  m_EditorClassIdentifier: 
--- !u!1 &6010015374969014065 stripped
GameObject:
  m_CorrespondingSourceObject: {fileID: 7356708571434953137, guid: 733c2bcb090d7b242820d208d4d11114, type: 3}
  m_PrefabInstance: {fileID: 3854969490611220096}
  m_PrefabAsset: {fileID: 0}
--- !u!114 &2700240716013181310
MonoBehaviour:
  m_ObjectHideFlags: 0
  m_CorrespondingSourceObject: {fileID: 0}
  m_PrefabInstance: {fileID: 0}
  m_PrefabAsset: {fileID: 0}
  m_GameObject: {fileID: 6010015374969014065}
  m_Enabled: 1
  m_EditorHideFlags: 0
  m_Script: {fileID: 11500000, guid: 56eb0353ae6e5124bb35b17aff880f16, type: 3}
  m_Name: 
  m_EditorClassIdentifier: 
  m_StringReference:
    m_TableReference:
      m_TableCollectionName: 
    m_TableEntryReference:
      m_KeyId: 0
      m_Key: 
    m_FallbackState: 0
    m_WaitForCompletion: 0
    m_LocalVariables: []
  m_FormatArguments: []
  m_UpdateString:
    m_PersistentCalls:
      m_Calls:
      - m_Target: {fileID: 4472561417945435662}
        m_TargetAssemblyTypeName: TMPro.TMP_Text, Unity.TextMeshPro
        m_MethodName: set_text
        m_Mode: 0
        m_Arguments:
          m_ObjectArgument: {fileID: 0}
          m_ObjectArgumentAssemblyTypeName: UnityEngine.Object, UnityEngine
          m_IntArgument: 0
          m_FloatArgument: 0
          m_StringArgument: 
          m_BoolArgument: 0
        m_CallState: 2
  references:
    version: 2
    RefIds: []
--- !u!224 &7210334627414640635 stripped
RectTransform:
  m_CorrespondingSourceObject: {fileID: 5868150145805592955, guid: 733c2bcb090d7b242820d208d4d11114, type: 3}
  m_PrefabInstance: {fileID: 3854969490611220096}
  m_PrefabAsset: {fileID: 0}
--- !u!1001 &4287330361827265035
PrefabInstance:
  m_ObjectHideFlags: 0
  serializedVersion: 2
  m_Modification:
    serializedVersion: 3
    m_TransformParent: {fileID: 488591110014529527}
    m_Modifications:
    - target: {fileID: 1393178113141008167, guid: a5b99bf6479a58e448a6342b123a6bc0, type: 3}
      propertyPath: m_Controller
      value: 
      objectReference: {fileID: 9100000, guid: a8277f0a828482146ac935db28e04036, type: 2}
    - target: {fileID: 3215387555297035703, guid: a5b99bf6479a58e448a6342b123a6bc0, type: 3}
      propertyPath: m_Name
      value: SpinButton
      objectReference: {fileID: 0}
    - target: {fileID: 3387341207977462974, guid: a5b99bf6479a58e448a6342b123a6bc0, type: 3}
      propertyPath: m_Sprite
      value: 
      objectReference: {fileID: 21300000, guid: e7eb2746df65ca64bbde7b41e7bf16f5, type: 3}
    - target: {fileID: 4963433888598145973, guid: a5b99bf6479a58e448a6342b123a6bc0, type: 3}
      propertyPath: m_Pivot.x
      value: 1
      objectReference: {fileID: 0}
    - target: {fileID: 4963433888598145973, guid: a5b99bf6479a58e448a6342b123a6bc0, type: 3}
      propertyPath: m_Pivot.y
      value: 0.5
      objectReference: {fileID: 0}
    - target: {fileID: 4963433888598145973, guid: a5b99bf6479a58e448a6342b123a6bc0, type: 3}
      propertyPath: m_AnchorMax.x
      value: 1
      objectReference: {fileID: 0}
    - target: {fileID: 4963433888598145973, guid: a5b99bf6479a58e448a6342b123a6bc0, type: 3}
      propertyPath: m_AnchorMax.y
      value: 0.5
      objectReference: {fileID: 0}
    - target: {fileID: 4963433888598145973, guid: a5b99bf6479a58e448a6342b123a6bc0, type: 3}
      propertyPath: m_AnchorMin.x
      value: 1
      objectReference: {fileID: 0}
    - target: {fileID: 4963433888598145973, guid: a5b99bf6479a58e448a6342b123a6bc0, type: 3}
      propertyPath: m_AnchorMin.y
      value: 0.5
      objectReference: {fileID: 0}
    - target: {fileID: 4963433888598145973, guid: a5b99bf6479a58e448a6342b123a6bc0, type: 3}
      propertyPath: m_SizeDelta.x
      value: 0
      objectReference: {fileID: 0}
    - target: {fileID: 4963433888598145973, guid: a5b99bf6479a58e448a6342b123a6bc0, type: 3}
      propertyPath: m_SizeDelta.y
      value: 0
      objectReference: {fileID: 0}
    - target: {fileID: 4963433888598145973, guid: a5b99bf6479a58e448a6342b123a6bc0, type: 3}
      propertyPath: m_LocalPosition.x
      value: 0
      objectReference: {fileID: 0}
    - target: {fileID: 4963433888598145973, guid: a5b99bf6479a58e448a6342b123a6bc0, type: 3}
      propertyPath: m_LocalPosition.y
      value: 0
      objectReference: {fileID: 0}
    - target: {fileID: 4963433888598145973, guid: a5b99bf6479a58e448a6342b123a6bc0, type: 3}
      propertyPath: m_LocalPosition.z
      value: 0
      objectReference: {fileID: 0}
    - target: {fileID: 4963433888598145973, guid: a5b99bf6479a58e448a6342b123a6bc0, type: 3}
      propertyPath: m_LocalRotation.w
      value: 1
      objectReference: {fileID: 0}
    - target: {fileID: 4963433888598145973, guid: a5b99bf6479a58e448a6342b123a6bc0, type: 3}
      propertyPath: m_LocalRotation.x
      value: -0
      objectReference: {fileID: 0}
    - target: {fileID: 4963433888598145973, guid: a5b99bf6479a58e448a6342b123a6bc0, type: 3}
      propertyPath: m_LocalRotation.y
      value: -0
      objectReference: {fileID: 0}
    - target: {fileID: 4963433888598145973, guid: a5b99bf6479a58e448a6342b123a6bc0, type: 3}
      propertyPath: m_LocalRotation.z
      value: -0
      objectReference: {fileID: 0}
    - target: {fileID: 4963433888598145973, guid: a5b99bf6479a58e448a6342b123a6bc0, type: 3}
      propertyPath: m_AnchoredPosition.x
      value: -96
      objectReference: {fileID: 0}
    - target: {fileID: 4963433888598145973, guid: a5b99bf6479a58e448a6342b123a6bc0, type: 3}
      propertyPath: m_AnchoredPosition.y
      value: 4
      objectReference: {fileID: 0}
    - target: {fileID: 4963433888598145973, guid: a5b99bf6479a58e448a6342b123a6bc0, type: 3}
      propertyPath: m_LocalEulerAnglesHint.x
      value: 0
      objectReference: {fileID: 0}
    - target: {fileID: 4963433888598145973, guid: a5b99bf6479a58e448a6342b123a6bc0, type: 3}
      propertyPath: m_LocalEulerAnglesHint.y
      value: 0
      objectReference: {fileID: 0}
    - target: {fileID: 4963433888598145973, guid: a5b99bf6479a58e448a6342b123a6bc0, type: 3}
      propertyPath: m_LocalEulerAnglesHint.z
      value: 0
      objectReference: {fileID: 0}
    - target: {fileID: 8798997650228072256, guid: a5b99bf6479a58e448a6342b123a6bc0, type: 3}
      propertyPath: m_SizeDelta.x
      value: 162
      objectReference: {fileID: 0}
    - target: {fileID: 8798997650228072256, guid: a5b99bf6479a58e448a6342b123a6bc0, type: 3}
      propertyPath: m_SizeDelta.y
      value: 51
      objectReference: {fileID: 0}
    - target: {fileID: 8876931396641539321, guid: a5b99bf6479a58e448a6342b123a6bc0, type: 3}
      propertyPath: m_Interactable
      value: 0
      objectReference: {fileID: 0}
    m_RemovedComponents: []
    m_RemovedGameObjects: []
    m_AddedGameObjects:
    - targetCorrespondingSourceObject: {fileID: 4963433888598145973, guid: a5b99bf6479a58e448a6342b123a6bc0, type: 3}
      insertIndex: -1
      addedObject: {fileID: 1752166342551160092}
    - targetCorrespondingSourceObject: {fileID: 4963433888598145973, guid: a5b99bf6479a58e448a6342b123a6bc0, type: 3}
      insertIndex: -1
      addedObject: {fileID: 6990808805475017210}
    m_AddedComponents: []
  m_SourcePrefab: {fileID: 100100000, guid: a5b99bf6479a58e448a6342b123a6bc0, type: 3}
--- !u!224 &9195788505827062206 stripped
RectTransform:
  m_CorrespondingSourceObject: {fileID: 4963433888598145973, guid: a5b99bf6479a58e448a6342b123a6bc0, type: 3}
  m_PrefabInstance: {fileID: 4287330361827265035}
  m_PrefabAsset: {fileID: 0}
--- !u!1001 &5602828376650115438
PrefabInstance:
  m_ObjectHideFlags: 0
  serializedVersion: 2
  m_Modification:
    serializedVersion: 3
    m_TransformParent: {fileID: 3303816478180392022}
    m_Modifications:
    - target: {fileID: 823631767156613262, guid: 733c2bcb090d7b242820d208d4d11114, type: 3}
      propertyPath: m_text
      value: "10 000 \u0440."
      objectReference: {fileID: 0}
    - target: {fileID: 823631767156613262, guid: 733c2bcb090d7b242820d208d4d11114, type: 3}
      propertyPath: m_fontSize
      value: 10
      objectReference: {fileID: 0}
    - target: {fileID: 823631767156613262, guid: 733c2bcb090d7b242820d208d4d11114, type: 3}
      propertyPath: m_margin.w
      value: 5
      objectReference: {fileID: 0}
    - target: {fileID: 823631767156613262, guid: 733c2bcb090d7b242820d208d4d11114, type: 3}
      propertyPath: m_margin.x
      value: 10
      objectReference: {fileID: 0}
    - target: {fileID: 823631767156613262, guid: 733c2bcb090d7b242820d208d4d11114, type: 3}
      propertyPath: m_margin.y
      value: 5
      objectReference: {fileID: 0}
    - target: {fileID: 823631767156613262, guid: 733c2bcb090d7b242820d208d4d11114, type: 3}
      propertyPath: m_margin.z
      value: 10
      objectReference: {fileID: 0}
    - target: {fileID: 823631767156613262, guid: 733c2bcb090d7b242820d208d4d11114, type: 3}
      propertyPath: m_fontStyle
      value: 0
      objectReference: {fileID: 0}
    - target: {fileID: 823631767156613262, guid: 733c2bcb090d7b242820d208d4d11114, type: 3}
      propertyPath: m_fontColor.a
      value: 0.5019608
      objectReference: {fileID: 0}
    - target: {fileID: 823631767156613262, guid: 733c2bcb090d7b242820d208d4d11114, type: 3}
      propertyPath: m_fontSizeMax
      value: 50
      objectReference: {fileID: 0}
    - target: {fileID: 823631767156613262, guid: 733c2bcb090d7b242820d208d4d11114, type: 3}
      propertyPath: m_fontSizeMin
      value: 10
      objectReference: {fileID: 0}
    - target: {fileID: 823631767156613262, guid: 733c2bcb090d7b242820d208d4d11114, type: 3}
      propertyPath: m_fontColor32.rgba
      value: 2164260863
      objectReference: {fileID: 0}
    - target: {fileID: 823631767156613262, guid: 733c2bcb090d7b242820d208d4d11114, type: 3}
      propertyPath: m_HorizontalAlignment
      value: 2
      objectReference: {fileID: 0}
    - target: {fileID: 5868150145805592955, guid: 733c2bcb090d7b242820d208d4d11114, type: 3}
      propertyPath: m_Pivot.x
      value: 0.5
      objectReference: {fileID: 0}
    - target: {fileID: 5868150145805592955, guid: 733c2bcb090d7b242820d208d4d11114, type: 3}
      propertyPath: m_Pivot.y
      value: 0.5
      objectReference: {fileID: 0}
    - target: {fileID: 5868150145805592955, guid: 733c2bcb090d7b242820d208d4d11114, type: 3}
      propertyPath: m_AnchorMax.x
      value: 0.5
      objectReference: {fileID: 0}
    - target: {fileID: 5868150145805592955, guid: 733c2bcb090d7b242820d208d4d11114, type: 3}
      propertyPath: m_AnchorMax.y
      value: 0.5
      objectReference: {fileID: 0}
    - target: {fileID: 5868150145805592955, guid: 733c2bcb090d7b242820d208d4d11114, type: 3}
      propertyPath: m_AnchorMin.x
      value: 0.5
      objectReference: {fileID: 0}
    - target: {fileID: 5868150145805592955, guid: 733c2bcb090d7b242820d208d4d11114, type: 3}
      propertyPath: m_AnchorMin.y
      value: 0.5
      objectReference: {fileID: 0}
    - target: {fileID: 5868150145805592955, guid: 733c2bcb090d7b242820d208d4d11114, type: 3}
      propertyPath: m_SizeDelta.x
      value: 244.67
      objectReference: {fileID: 0}
    - target: {fileID: 5868150145805592955, guid: 733c2bcb090d7b242820d208d4d11114, type: 3}
      propertyPath: m_SizeDelta.y
      value: 20
      objectReference: {fileID: 0}
    - target: {fileID: 5868150145805592955, guid: 733c2bcb090d7b242820d208d4d11114, type: 3}
      propertyPath: m_LocalScale.x
      value: 0.97274
      objectReference: {fileID: 0}
    - target: {fileID: 5868150145805592955, guid: 733c2bcb090d7b242820d208d4d11114, type: 3}
      propertyPath: m_LocalScale.y
      value: 0.97274
      objectReference: {fileID: 0}
    - target: {fileID: 5868150145805592955, guid: 733c2bcb090d7b242820d208d4d11114, type: 3}
      propertyPath: m_LocalScale.z
      value: 0.97274
      objectReference: {fileID: 0}
    - target: {fileID: 5868150145805592955, guid: 733c2bcb090d7b242820d208d4d11114, type: 3}
      propertyPath: m_LocalPosition.x
      value: 0
      objectReference: {fileID: 0}
    - target: {fileID: 5868150145805592955, guid: 733c2bcb090d7b242820d208d4d11114, type: 3}
      propertyPath: m_LocalPosition.y
      value: 0
      objectReference: {fileID: 0}
    - target: {fileID: 5868150145805592955, guid: 733c2bcb090d7b242820d208d4d11114, type: 3}
      propertyPath: m_LocalPosition.z
      value: 0
      objectReference: {fileID: 0}
    - target: {fileID: 5868150145805592955, guid: 733c2bcb090d7b242820d208d4d11114, type: 3}
      propertyPath: m_LocalRotation.w
      value: 1
      objectReference: {fileID: 0}
    - target: {fileID: 5868150145805592955, guid: 733c2bcb090d7b242820d208d4d11114, type: 3}
      propertyPath: m_LocalRotation.x
      value: -0
      objectReference: {fileID: 0}
    - target: {fileID: 5868150145805592955, guid: 733c2bcb090d7b242820d208d4d11114, type: 3}
      propertyPath: m_LocalRotation.y
      value: -0
      objectReference: {fileID: 0}
    - target: {fileID: 5868150145805592955, guid: 733c2bcb090d7b242820d208d4d11114, type: 3}
      propertyPath: m_LocalRotation.z
      value: -0
      objectReference: {fileID: 0}
    - target: {fileID: 5868150145805592955, guid: 733c2bcb090d7b242820d208d4d11114, type: 3}
      propertyPath: m_AnchoredPosition.x
      value: 0
      objectReference: {fileID: 0}
    - target: {fileID: 5868150145805592955, guid: 733c2bcb090d7b242820d208d4d11114, type: 3}
      propertyPath: m_AnchoredPosition.y
      value: -19.3
      objectReference: {fileID: 0}
    - target: {fileID: 5868150145805592955, guid: 733c2bcb090d7b242820d208d4d11114, type: 3}
      propertyPath: m_LocalEulerAnglesHint.x
      value: 0
      objectReference: {fileID: 0}
    - target: {fileID: 5868150145805592955, guid: 733c2bcb090d7b242820d208d4d11114, type: 3}
      propertyPath: m_LocalEulerAnglesHint.y
      value: 0
      objectReference: {fileID: 0}
    - target: {fileID: 5868150145805592955, guid: 733c2bcb090d7b242820d208d4d11114, type: 3}
      propertyPath: m_LocalEulerAnglesHint.z
      value: 0
      objectReference: {fileID: 0}
    - target: {fileID: 7356708571434953137, guid: 733c2bcb090d7b242820d208d4d11114, type: 3}
      propertyPath: m_Name
      value: BidAmountText
      objectReference: {fileID: 0}
    m_RemovedComponents: []
    m_RemovedGameObjects: []
    m_AddedGameObjects: []
    m_AddedComponents:
    - targetCorrespondingSourceObject: {fileID: 7356708571434953137, guid: 733c2bcb090d7b242820d208d4d11114, type: 3}
      insertIndex: -1
      addedObject: {fileID: 7885994827362359421}
  m_SourcePrefab: {fileID: 100100000, guid: 733c2bcb090d7b242820d208d4d11114, type: 3}
--- !u!224 &2066841955002957845 stripped
RectTransform:
  m_CorrespondingSourceObject: {fileID: 5868150145805592955, guid: 733c2bcb090d7b242820d208d4d11114, type: 3}
  m_PrefabInstance: {fileID: 5602828376650115438}
  m_PrefabAsset: {fileID: 0}
--- !u!1 &3159690543203008735 stripped
GameObject:
  m_CorrespondingSourceObject: {fileID: 7356708571434953137, guid: 733c2bcb090d7b242820d208d4d11114, type: 3}
  m_PrefabInstance: {fileID: 5602828376650115438}
  m_PrefabAsset: {fileID: 0}
--- !u!114 &7885994827362359421
MonoBehaviour:
  m_ObjectHideFlags: 0
  m_CorrespondingSourceObject: {fileID: 0}
  m_PrefabInstance: {fileID: 0}
  m_PrefabAsset: {fileID: 0}
  m_GameObject: {fileID: 3159690543203008735}
  m_Enabled: 1
  m_EditorHideFlags: 0
  m_Script: {fileID: 11500000, guid: 56eb0353ae6e5124bb35b17aff880f16, type: 3}
  m_Name: 
  m_EditorClassIdentifier: 
  m_StringReference:
    m_TableReference:
      m_TableCollectionName: GUID:724295ecca24ea24482f12fee582daab
    m_TableEntryReference:
      m_KeyId: 6675770299838464
      m_Key: 
    m_FallbackState: 0
    m_WaitForCompletion: 0
    m_LocalVariables: []
  m_FormatArguments: []
  m_UpdateString:
    m_PersistentCalls:
      m_Calls:
      - m_Target: {fileID: 5093322703099496928}
        m_TargetAssemblyTypeName: TMPro.TMP_Text, Unity.TextMeshPro
        m_MethodName: set_text
        m_Mode: 0
        m_Arguments:
          m_ObjectArgument: {fileID: 0}
          m_ObjectArgumentAssemblyTypeName: UnityEngine.Object, UnityEngine
          m_IntArgument: 0
          m_FloatArgument: 0
          m_StringArgument: 
          m_BoolArgument: 0
        m_CallState: 2
  references:
    version: 2
    RefIds: []
--- !u!114 &5093322703099496928 stripped
MonoBehaviour:
  m_CorrespondingSourceObject: {fileID: 823631767156613262, guid: 733c2bcb090d7b242820d208d4d11114, type: 3}
  m_PrefabInstance: {fileID: 5602828376650115438}
  m_PrefabAsset: {fileID: 0}
  m_GameObject: {fileID: 3159690543203008735}
  m_Enabled: 1
  m_EditorHideFlags: 0
  m_Script: {fileID: 11500000, guid: f4688fdb7df04437aeb418b961361dc5, type: 3}
  m_Name: 
  m_EditorClassIdentifier: 
