%YAML 1.1
%TAG !u! tag:unity3d.com,2011:
--- !u!1 &450552755866523582
GameObject:
  m_ObjectHideFlags: 0
  m_CorrespondingSourceObject: {fileID: 0}
  m_PrefabInstance: {fileID: 0}
  m_PrefabAsset: {fileID: 0}
  serializedVersion: 6
  m_Component:
  - component: {fileID: 5721044694479103901}
  - component: {fileID: 785032678879768264}
  - component: {fileID: 1205940879809365840}
  m_Layer: 0
  m_Name: TopBar2
  m_TagString: Untagged
  m_Icon: {fileID: 0}
  m_NavMeshLayer: 0
  m_StaticEditorFlags: 0
  m_IsActive: 1
--- !u!224 &5721044694479103901
RectTransform:
  m_ObjectHideFlags: 0
  m_CorrespondingSourceObject: {fileID: 0}
  m_PrefabInstance: {fileID: 0}
  m_PrefabAsset: {fileID: 0}
  m_GameObject: {fileID: 450552755866523582}
  m_LocalRotation: {x: -0, y: -0, z: -0, w: 1}
  m_LocalPosition: {x: 0, y: 0, z: 0}
  m_LocalScale: {x: 1, y: 1, z: 1}
  m_ConstrainProportionsScale: 1
  m_Children:
  - {fileID: 6217920110122080057}
  - {fileID: 5464634098566654037}
  m_Father: {fileID: 1968988762013277128}
  m_LocalEulerAnglesHint: {x: 0, y: 0, z: 0}
  m_AnchorMin: {x: 1, y: 0.5}
  m_AnchorMax: {x: 1, y: 0.5}
  m_AnchoredPosition: {x: -230, y: 0}
  m_SizeDelta: {x: 160, y: 28}
  m_Pivot: {x: 1, y: 0.5}
--- !u!222 &785032678879768264
CanvasRenderer:
  m_ObjectHideFlags: 0
  m_CorrespondingSourceObject: {fileID: 0}
  m_PrefabInstance: {fileID: 0}
  m_PrefabAsset: {fileID: 0}
  m_GameObject: {fileID: 450552755866523582}
  m_CullTransparentMesh: 1
--- !u!114 &1205940879809365840
MonoBehaviour:
  m_ObjectHideFlags: 0
  m_CorrespondingSourceObject: {fileID: 0}
  m_PrefabInstance: {fileID: 0}
  m_PrefabAsset: {fileID: 0}
  m_GameObject: {fileID: 450552755866523582}
  m_Enabled: 1
  m_EditorHideFlags: 0
  m_Script: {fileID: 11500000, guid: fe87c0e1cc204ed48ad3b37840f39efc, type: 3}
  m_Name: 
  m_EditorClassIdentifier: 
  m_Material: {fileID: 0}
  m_Color: {r: 1, g: 1, b: 1, a: 1}
  m_RaycastTarget: 1
  m_RaycastPadding: {x: 0, y: 0, z: 0, w: 0}
  m_Maskable: 1
  m_OnCullStateChanged:
    m_PersistentCalls:
      m_Calls: []
  m_Sprite: {fileID: 21300000, guid: 19187d90a09de5543b46e9be218d1cc5, type: 3}
  m_Type: 0
  m_PreserveAspect: 1
  m_FillCenter: 1
  m_FillMethod: 4
  m_FillAmount: 1
  m_FillClockwise: 1
  m_FillOrigin: 0
  m_UseSpriteMesh: 0
  m_PixelsPerUnitMultiplier: 1
--- !u!1 &1680899001827155825
GameObject:
  m_ObjectHideFlags: 0
  m_CorrespondingSourceObject: {fileID: 0}
  m_PrefabInstance: {fileID: 0}
  m_PrefabAsset: {fileID: 0}
  serializedVersion: 6
  m_Component:
  - component: {fileID: 3626020368647635724}
  - component: {fileID: 4136515027712817858}
  - component: {fileID: 2596894569080734780}
  m_Layer: 0
  m_Name: Question
  m_TagString: Untagged
  m_Icon: {fileID: 0}
  m_NavMeshLayer: 0
  m_StaticEditorFlags: 0
  m_IsActive: 1
--- !u!224 &3626020368647635724
RectTransform:
  m_ObjectHideFlags: 0
  m_CorrespondingSourceObject: {fileID: 0}
  m_PrefabInstance: {fileID: 0}
  m_PrefabAsset: {fileID: 0}
  m_GameObject: {fileID: 1680899001827155825}
  m_LocalRotation: {x: -0, y: -0, z: -0, w: 1}
  m_LocalPosition: {x: 0, y: 0, z: 0}
  m_LocalScale: {x: 1, y: 1, z: 1}
  m_ConstrainProportionsScale: 1
  m_Children: []
  m_Father: {fileID: 3133785038907782056}
  m_LocalEulerAnglesHint: {x: 0, y: 0, z: 0}
  m_AnchorMin: {x: 0.5, y: 0.5}
  m_AnchorMax: {x: 0.5, y: 0.5}
  m_AnchoredPosition: {x: -65, y: 0}
  m_SizeDelta: {x: 22, y: 22}
  m_Pivot: {x: 0.5, y: 0.5}
--- !u!222 &4136515027712817858
CanvasRenderer:
  m_ObjectHideFlags: 0
  m_CorrespondingSourceObject: {fileID: 0}
  m_PrefabInstance: {fileID: 0}
  m_PrefabAsset: {fileID: 0}
  m_GameObject: {fileID: 1680899001827155825}
  m_CullTransparentMesh: 1
--- !u!114 &2596894569080734780
MonoBehaviour:
  m_ObjectHideFlags: 0
  m_CorrespondingSourceObject: {fileID: 0}
  m_PrefabInstance: {fileID: 0}
  m_PrefabAsset: {fileID: 0}
  m_GameObject: {fileID: 1680899001827155825}
  m_Enabled: 1
  m_EditorHideFlags: 0
  m_Script: {fileID: 11500000, guid: fe87c0e1cc204ed48ad3b37840f39efc, type: 3}
  m_Name: 
  m_EditorClassIdentifier: 
  m_Material: {fileID: 0}
  m_Color: {r: 1, g: 1, b: 1, a: 1}
  m_RaycastTarget: 1
  m_RaycastPadding: {x: 0, y: 0, z: 0, w: 0}
  m_Maskable: 1
  m_OnCullStateChanged:
    m_PersistentCalls:
      m_Calls: []
  m_Sprite: {fileID: 21300000, guid: 0512d0af10555234680549518491b8b0, type: 3}
  m_Type: 0
  m_PreserveAspect: 1
  m_FillCenter: 1
  m_FillMethod: 4
  m_FillAmount: 1
  m_FillClockwise: 1
  m_FillOrigin: 0
  m_UseSpriteMesh: 0
  m_PixelsPerUnitMultiplier: 1
--- !u!1 &6935534667899515177
GameObject:
  m_ObjectHideFlags: 0
  m_CorrespondingSourceObject: {fileID: 0}
  m_PrefabInstance: {fileID: 0}
  m_PrefabAsset: {fileID: 0}
  serializedVersion: 6
  m_Component:
  - component: {fileID: 4208930167089415946}
  - component: {fileID: 8838908021101292934}
  - component: {fileID: 3634693299986818335}
  m_Layer: 0
  m_Name: DisabledImage
  m_TagString: Untagged
  m_Icon: {fileID: 0}
  m_NavMeshLayer: 0
  m_StaticEditorFlags: 0
  m_IsActive: 0
--- !u!224 &4208930167089415946
RectTransform:
  m_ObjectHideFlags: 0
  m_CorrespondingSourceObject: {fileID: 0}
  m_PrefabInstance: {fileID: 0}
  m_PrefabAsset: {fileID: 0}
  m_GameObject: {fileID: 6935534667899515177}
  m_LocalRotation: {x: -0, y: -0, z: -0, w: 1}
  m_LocalPosition: {x: 0, y: 0, z: 0}
  m_LocalScale: {x: 1, y: 1, z: 1}
  m_ConstrainProportionsScale: 1
  m_Children: []
  m_Father: {fileID: 7505150572726846075}
  m_LocalEulerAnglesHint: {x: 0, y: 0, z: 0}
  m_AnchorMin: {x: 0.5, y: 0.5}
  m_AnchorMax: {x: 0.5, y: 0.5}
  m_AnchoredPosition: {x: 0, y: 0}
  m_SizeDelta: {x: 21, y: 21}
  m_Pivot: {x: 0.5, y: 0.5}
--- !u!222 &8838908021101292934
CanvasRenderer:
  m_ObjectHideFlags: 0
  m_CorrespondingSourceObject: {fileID: 0}
  m_PrefabInstance: {fileID: 0}
  m_PrefabAsset: {fileID: 0}
  m_GameObject: {fileID: 6935534667899515177}
  m_CullTransparentMesh: 1
--- !u!114 &3634693299986818335
MonoBehaviour:
  m_ObjectHideFlags: 0
  m_CorrespondingSourceObject: {fileID: 0}
  m_PrefabInstance: {fileID: 0}
  m_PrefabAsset: {fileID: 0}
  m_GameObject: {fileID: 6935534667899515177}
  m_Enabled: 1
  m_EditorHideFlags: 0
  m_Script: {fileID: 11500000, guid: fe87c0e1cc204ed48ad3b37840f39efc, type: 3}
  m_Name: 
  m_EditorClassIdentifier: 
  m_Material: {fileID: 0}
  m_Color: {r: 1, g: 1, b: 1, a: 1}
  m_RaycastTarget: 1
  m_RaycastPadding: {x: 0, y: 0, z: 0, w: 0}
  m_Maskable: 1
  m_OnCullStateChanged:
    m_PersistentCalls:
      m_Calls: []
  m_Sprite: {fileID: 21300000, guid: 2f64dcea394fa1a4c81bed9ad5c54d8f, type: 3}
  m_Type: 0
  m_PreserveAspect: 1
  m_FillCenter: 1
  m_FillMethod: 4
  m_FillAmount: 1
  m_FillClockwise: 1
  m_FillOrigin: 0
  m_UseSpriteMesh: 0
  m_PixelsPerUnitMultiplier: 1
--- !u!1 &7086665170972836747
GameObject:
  m_ObjectHideFlags: 0
  m_CorrespondingSourceObject: {fileID: 0}
  m_PrefabInstance: {fileID: 0}
  m_PrefabAsset: {fileID: 0}
  serializedVersion: 6
  m_Component:
  - component: {fileID: 3133785038907782056}
  - component: {fileID: 7997465203022559997}
  - component: {fileID: 8404869066043396965}
  - component: {fileID: 2696864643108784511}
  - component: {fileID: 2153278161411620750}
  m_Layer: 0
  m_Name: TopBar3
  m_TagString: Untagged
  m_Icon: {fileID: 0}
  m_NavMeshLayer: 0
  m_StaticEditorFlags: 0
  m_IsActive: 1
--- !u!224 &3133785038907782056
RectTransform:
  m_ObjectHideFlags: 0
  m_CorrespondingSourceObject: {fileID: 0}
  m_PrefabInstance: {fileID: 0}
  m_PrefabAsset: {fileID: 0}
  m_GameObject: {fileID: 7086665170972836747}
  m_LocalRotation: {x: -0, y: -0, z: -0, w: 1}
  m_LocalPosition: {x: 0, y: 0, z: 0}
  m_LocalScale: {x: 1, y: 1, z: 1}
  m_ConstrainProportionsScale: 1
  m_Children:
  - {fileID: 2229341980593335261}
  - {fileID: 3626020368647635724}
  - {fileID: 516042652212337322}
  m_Father: {fileID: 1968988762013277128}
  m_LocalEulerAnglesHint: {x: 0, y: 0, z: 0}
  m_AnchorMin: {x: 1, y: 0.5}
  m_AnchorMax: {x: 1, y: 0.5}
  m_AnchoredPosition: {x: -50, y: 0}
  m_SizeDelta: {x: 160, y: 28}
  m_Pivot: {x: 1, y: 0.5}
--- !u!222 &7997465203022559997
CanvasRenderer:
  m_ObjectHideFlags: 0
  m_CorrespondingSourceObject: {fileID: 0}
  m_PrefabInstance: {fileID: 0}
  m_PrefabAsset: {fileID: 0}
  m_GameObject: {fileID: 7086665170972836747}
  m_CullTransparentMesh: 1
--- !u!114 &8404869066043396965
MonoBehaviour:
  m_ObjectHideFlags: 0
  m_CorrespondingSourceObject: {fileID: 0}
  m_PrefabInstance: {fileID: 0}
  m_PrefabAsset: {fileID: 0}
  m_GameObject: {fileID: 7086665170972836747}
  m_Enabled: 1
  m_EditorHideFlags: 0
  m_Script: {fileID: 11500000, guid: fe87c0e1cc204ed48ad3b37840f39efc, type: 3}
  m_Name: 
  m_EditorClassIdentifier: 
  m_Material: {fileID: 0}
  m_Color: {r: 1, g: 1, b: 1, a: 1}
  m_RaycastTarget: 1
  m_RaycastPadding: {x: 0, y: 0, z: 0, w: 0}
  m_Maskable: 1
  m_OnCullStateChanged:
    m_PersistentCalls:
      m_Calls: []
  m_Sprite: {fileID: 21300000, guid: 19187d90a09de5543b46e9be218d1cc5, type: 3}
  m_Type: 0
  m_PreserveAspect: 1
  m_FillCenter: 1
  m_FillMethod: 4
  m_FillAmount: 1
  m_FillClockwise: 1
  m_FillOrigin: 0
  m_UseSpriteMesh: 0
  m_PixelsPerUnitMultiplier: 1
--- !u!114 &2696864643108784511
MonoBehaviour:
  m_ObjectHideFlags: 0
  m_CorrespondingSourceObject: {fileID: 0}
  m_PrefabInstance: {fileID: 0}
  m_PrefabAsset: {fileID: 0}
  m_GameObject: {fileID: 7086665170972836747}
  m_Enabled: 1
  m_EditorHideFlags: 0
  m_Script: {fileID: 11500000, guid: 4e29b1a8efbd4b44bb3f3716e73f07ff, type: 3}
  m_Name: 
  m_EditorClassIdentifier: 
  m_Navigation:
    m_Mode: 0
    m_WrapAround: 0
    m_SelectOnUp: {fileID: 0}
    m_SelectOnDown: {fileID: 0}
    m_SelectOnLeft: {fileID: 0}
    m_SelectOnRight: {fileID: 0}
  m_Transition: 3
  m_Colors:
    m_NormalColor: {r: 1, g: 1, b: 1, a: 1}
    m_HighlightedColor: {r: 0.9607843, g: 0.9607843, b: 0.9607843, a: 1}
    m_PressedColor: {r: 0.78431374, g: 0.78431374, b: 0.78431374, a: 1}
    m_SelectedColor: {r: 0.9607843, g: 0.9607843, b: 0.9607843, a: 1}
    m_DisabledColor: {r: 0.78431374, g: 0.78431374, b: 0.78431374, a: 0.5019608}
    m_ColorMultiplier: 1
    m_FadeDuration: 0.1
  m_SpriteState:
    m_HighlightedSprite: {fileID: 0}
    m_PressedSprite: {fileID: 0}
    m_SelectedSprite: {fileID: 0}
    m_DisabledSprite: {fileID: 0}
  m_AnimationTriggers:
    m_NormalTrigger: Normal
    m_HighlightedTrigger: Highlighted
    m_PressedTrigger: Pressed
    m_SelectedTrigger: Selected
    m_DisabledTrigger: Disabled
  m_Interactable: 1
  m_TargetGraphic: {fileID: 8404869066043396965}
  m_OnClick:
    m_PersistentCalls:
      m_Calls: []
--- !u!95 &2153278161411620750
Animator:
  serializedVersion: 5
  m_ObjectHideFlags: 0
  m_CorrespondingSourceObject: {fileID: 0}
  m_PrefabInstance: {fileID: 0}
  m_PrefabAsset: {fileID: 0}
  m_GameObject: {fileID: 7086665170972836747}
  m_Enabled: 1
  m_Avatar: {fileID: 0}
  m_Controller: {fileID: 9100000, guid: e8c8510a9c0d77c4fa19d680319244e7, type: 2}
  m_CullingMode: 0
  m_UpdateMode: 0
  m_ApplyRootMotion: 0
  m_LinearVelocityBlending: 0
  m_StabilizeFeet: 0
  m_WarningMessage: 
  m_HasTransformHierarchy: 1
  m_AllowConstantClipSamplingOptimization: 1
  m_KeepAnimatorStateOnDisable: 0
  m_WriteDefaultValuesOnDisable: 0
--- !u!1 &7404695107493869955
GameObject:
  m_ObjectHideFlags: 0
  m_CorrespondingSourceObject: {fileID: 0}
  m_PrefabInstance: {fileID: 0}
  m_PrefabAsset: {fileID: 0}
  serializedVersion: 6
  m_Component:
  - component: {fileID: 5203779206066832127}
  - component: {fileID: 5599338105309278209}
  - component: {fileID: 3118722754210749967}
  m_Layer: 0
  m_Name: ButtonField
  m_TagString: Untagged
  m_Icon: {fileID: 0}
  m_NavMeshLayer: 0
  m_StaticEditorFlags: 0
  m_IsActive: 1
--- !u!224 &5203779206066832127
RectTransform:
  m_ObjectHideFlags: 0
  m_CorrespondingSourceObject: {fileID: 0}
  m_PrefabInstance: {fileID: 0}
  m_PrefabAsset: {fileID: 0}
  m_GameObject: {fileID: 7404695107493869955}
  m_LocalRotation: {x: 0, y: 0, z: 0, w: 1}
  m_LocalPosition: {x: 0, y: 0, z: 0}
  m_LocalScale: {x: 1, y: 1, z: 1}
  m_ConstrainProportionsScale: 0
  m_Children: []
  m_Father: {fileID: 7505150572726846075}
  m_LocalEulerAnglesHint: {x: 0, y: 0, z: 0}
  m_AnchorMin: {x: 0.5, y: 0.5}
  m_AnchorMax: {x: 0.5, y: 0.5}
  m_AnchoredPosition: {x: 0, y: 0}
  m_SizeDelta: {x: 50, y: 28}
  m_Pivot: {x: 0.5, y: 0.5}
--- !u!222 &5599338105309278209
CanvasRenderer:
  m_ObjectHideFlags: 0
  m_CorrespondingSourceObject: {fileID: 0}
  m_PrefabInstance: {fileID: 0}
  m_PrefabAsset: {fileID: 0}
  m_GameObject: {fileID: 7404695107493869955}
  m_CullTransparentMesh: 1
--- !u!114 &3118722754210749967
MonoBehaviour:
  m_ObjectHideFlags: 0
  m_CorrespondingSourceObject: {fileID: 0}
  m_PrefabInstance: {fileID: 0}
  m_PrefabAsset: {fileID: 0}
  m_GameObject: {fileID: 7404695107493869955}
  m_Enabled: 1
  m_EditorHideFlags: 0
  m_Script: {fileID: 11500000, guid: fe87c0e1cc204ed48ad3b37840f39efc, type: 3}
  m_Name: 
  m_EditorClassIdentifier: 
  m_Material: {fileID: 0}
  m_Color: {r: 1, g: 1, b: 1, a: 0}
  m_RaycastTarget: 1
  m_RaycastPadding: {x: 0, y: 0, z: 0, w: 0}
  m_Maskable: 1
  m_OnCullStateChanged:
    m_PersistentCalls:
      m_Calls: []
  m_Sprite: {fileID: 21300000, guid: 6112d0577b9a8f14b8cae881207808f4, type: 3}
  m_Type: 0
  m_PreserveAspect: 0
  m_FillCenter: 1
  m_FillMethod: 4
  m_FillAmount: 1
  m_FillClockwise: 1
  m_FillOrigin: 0
  m_UseSpriteMesh: 0
  m_PixelsPerUnitMultiplier: 1
--- !u!1 &7666494629203174497
GameObject:
  m_ObjectHideFlags: 0
  m_CorrespondingSourceObject: {fileID: 0}
  m_PrefabInstance: {fileID: 0}
  m_PrefabAsset: {fileID: 0}
  serializedVersion: 6
  m_Component:
  - component: {fileID: 2540391592635159618}
  - component: {fileID: 7404072169364561175}
  - component: {fileID: 8977978292050064527}
  m_Layer: 0
  m_Name: TopBar1
  m_TagString: Untagged
  m_Icon: {fileID: 0}
  m_NavMeshLayer: 0
  m_StaticEditorFlags: 0
  m_IsActive: 1
--- !u!224 &2540391592635159618
RectTransform:
  m_ObjectHideFlags: 0
  m_CorrespondingSourceObject: {fileID: 0}
  m_PrefabInstance: {fileID: 0}
  m_PrefabAsset: {fileID: 0}
  m_GameObject: {fileID: 7666494629203174497}
  m_LocalRotation: {x: -0, y: -0, z: -0, w: 1}
  m_LocalPosition: {x: 0, y: 0, z: 0}
  m_LocalScale: {x: 1, y: 1, z: 1}
  m_ConstrainProportionsScale: 1
  m_Children:
  - {fileID: 7505150572726846075}
  m_Father: {fileID: 1968988762013277128}
  m_LocalEulerAnglesHint: {x: 0, y: 0, z: 0}
  m_AnchorMin: {x: 1, y: 0.5}
  m_AnchorMax: {x: 1, y: 0.5}
  m_AnchoredPosition: {x: -410, y: 0}
  m_SizeDelta: {x: 50, y: 28}
  m_Pivot: {x: 1, y: 0.5}
--- !u!222 &7404072169364561175
CanvasRenderer:
  m_ObjectHideFlags: 0
  m_CorrespondingSourceObject: {fileID: 0}
  m_PrefabInstance: {fileID: 0}
  m_PrefabAsset: {fileID: 0}
  m_GameObject: {fileID: 7666494629203174497}
  m_CullTransparentMesh: 1
--- !u!114 &8977978292050064527
MonoBehaviour:
  m_ObjectHideFlags: 0
  m_CorrespondingSourceObject: {fileID: 0}
  m_PrefabInstance: {fileID: 0}
  m_PrefabAsset: {fileID: 0}
  m_GameObject: {fileID: 7666494629203174497}
  m_Enabled: 1
  m_EditorHideFlags: 0
  m_Script: {fileID: 11500000, guid: fe87c0e1cc204ed48ad3b37840f39efc, type: 3}
  m_Name: 
  m_EditorClassIdentifier: 
  m_Material: {fileID: 0}
  m_Color: {r: 1, g: 1, b: 1, a: 1}
  m_RaycastTarget: 1
  m_RaycastPadding: {x: 0, y: 0, z: 0, w: 0}
  m_Maskable: 1
  m_OnCullStateChanged:
    m_PersistentCalls:
      m_Calls: []
  m_Sprite: {fileID: 21300000, guid: 6112d0577b9a8f14b8cae881207808f4, type: 3}
  m_Type: 0
  m_PreserveAspect: 1
  m_FillCenter: 1
  m_FillMethod: 4
  m_FillAmount: 1
  m_FillClockwise: 1
  m_FillOrigin: 0
  m_UseSpriteMesh: 0
  m_PixelsPerUnitMultiplier: 1
--- !u!1 &8307887361282280260
GameObject:
  m_ObjectHideFlags: 0
  m_CorrespondingSourceObject: {fileID: 0}
  m_PrefabInstance: {fileID: 0}
  m_PrefabAsset: {fileID: 0}
  serializedVersion: 6
  m_Component:
  - component: {fileID: 6217920110122080057}
  - component: {fileID: 6737263775669579511}
  - component: {fileID: 4616839357439250441}
  m_Layer: 0
  m_Name: Coins
  m_TagString: Untagged
  m_Icon: {fileID: 0}
  m_NavMeshLayer: 0
  m_StaticEditorFlags: 0
  m_IsActive: 1
--- !u!224 &6217920110122080057
RectTransform:
  m_ObjectHideFlags: 0
  m_CorrespondingSourceObject: {fileID: 0}
  m_PrefabInstance: {fileID: 0}
  m_PrefabAsset: {fileID: 0}
  m_GameObject: {fileID: 8307887361282280260}
  m_LocalRotation: {x: -0, y: -0, z: -0, w: 1}
  m_LocalPosition: {x: 0, y: 0, z: 0}
  m_LocalScale: {x: 1, y: 1, z: 1}
  m_ConstrainProportionsScale: 1
  m_Children: []
  m_Father: {fileID: 5721044694479103901}
  m_LocalEulerAnglesHint: {x: 0, y: 0, z: 0}
  m_AnchorMin: {x: 0.5, y: 0.5}
  m_AnchorMax: {x: 0.5, y: 0.5}
  m_AnchoredPosition: {x: -65, y: 0}
  m_SizeDelta: {x: 21, y: 21}
  m_Pivot: {x: 0.5, y: 0.5}
--- !u!222 &6737263775669579511
CanvasRenderer:
  m_ObjectHideFlags: 0
  m_CorrespondingSourceObject: {fileID: 0}
  m_PrefabInstance: {fileID: 0}
  m_PrefabAsset: {fileID: 0}
  m_GameObject: {fileID: 8307887361282280260}
  m_CullTransparentMesh: 1
--- !u!114 &4616839357439250441
MonoBehaviour:
  m_ObjectHideFlags: 0
  m_CorrespondingSourceObject: {fileID: 0}
  m_PrefabInstance: {fileID: 0}
  m_PrefabAsset: {fileID: 0}
  m_GameObject: {fileID: 8307887361282280260}
  m_Enabled: 1
  m_EditorHideFlags: 0
  m_Script: {fileID: 11500000, guid: fe87c0e1cc204ed48ad3b37840f39efc, type: 3}
  m_Name: 
  m_EditorClassIdentifier: 
  m_Material: {fileID: 0}
  m_Color: {r: 1, g: 1, b: 1, a: 1}
  m_RaycastTarget: 1
  m_RaycastPadding: {x: 0, y: 0, z: 0, w: 0}
  m_Maskable: 1
  m_OnCullStateChanged:
    m_PersistentCalls:
      m_Calls: []
  m_Sprite: {fileID: 21300000, guid: 0d152e6a0542adc4cbfbe6ef9e5bdca3, type: 3}
  m_Type: 0
  m_PreserveAspect: 1
  m_FillCenter: 1
  m_FillMethod: 4
  m_FillAmount: 1
  m_FillClockwise: 1
  m_FillOrigin: 0
  m_UseSpriteMesh: 0
  m_PixelsPerUnitMultiplier: 1
--- !u!1 &8561827610223106674
GameObject:
  m_ObjectHideFlags: 0
  m_CorrespondingSourceObject: {fileID: 0}
  m_PrefabInstance: {fileID: 0}
  m_PrefabAsset: {fileID: 0}
  serializedVersion: 6
  m_Component:
  - component: {fileID: 1968988762013277128}
  m_Layer: 0
  m_Name: TopBars
  m_TagString: Untagged
  m_Icon: {fileID: 0}
  m_NavMeshLayer: 0
  m_StaticEditorFlags: 0
  m_IsActive: 1
--- !u!224 &1968988762013277128
RectTransform:
  m_ObjectHideFlags: 0
  m_CorrespondingSourceObject: {fileID: 0}
  m_PrefabInstance: {fileID: 0}
  m_PrefabAsset: {fileID: 0}
  m_GameObject: {fileID: 8561827610223106674}
  m_LocalRotation: {x: 0, y: 0, z: 0, w: 1}
  m_LocalPosition: {x: 0, y: 0, z: 0}
  m_LocalScale: {x: 1, y: 1, z: 1}
  m_ConstrainProportionsScale: 0
  m_Children:
  - {fileID: 2540391592635159618}
  - {fileID: 5721044694479103901}
  - {fileID: 3133785038907782056}
  m_Father: {fileID: 0}
  m_LocalEulerAnglesHint: {x: 0, y: 0, z: 0}
  m_AnchorMin: {x: 0, y: 0.5}
  m_AnchorMax: {x: 1, y: 0.5}
  m_AnchoredPosition: {x: 0, y: 0}
  m_SizeDelta: {x: 0, y: 100}
  m_Pivot: {x: 0.5, y: 0.5}
--- !u!1 &8926016774880558942
GameObject:
  m_ObjectHideFlags: 0
  m_CorrespondingSourceObject: {fileID: 0}
  m_PrefabInstance: {fileID: 0}
  m_PrefabAsset: {fileID: 0}
  serializedVersion: 6
  m_Component:
  - component: {fileID: 2229341980593335261}
  - component: {fileID: 4854598424068680881}
  - component: {fileID: 6814588104438210698}
  - component: {fileID: 2572249534031313649}
  - component: {fileID: 7600235534269413478}
  - component: {fileID: 7914263249912298759}
  - component: {fileID: 8943535993812578664}
  m_Layer: 0
  m_Name: Tooltip
  m_TagString: Untagged
  m_Icon: {fileID: 0}
  m_NavMeshLayer: 0
  m_StaticEditorFlags: 0
  m_IsActive: 0
--- !u!224 &2229341980593335261
RectTransform:
  m_ObjectHideFlags: 0
  m_CorrespondingSourceObject: {fileID: 0}
  m_PrefabInstance: {fileID: 0}
  m_PrefabAsset: {fileID: 0}
  m_GameObject: {fileID: 8926016774880558942}
  m_LocalRotation: {x: -0, y: -0, z: -0, w: 1}
  m_LocalPosition: {x: 0, y: 0, z: 0}
  m_LocalScale: {x: 1, y: 1, z: 1}
  m_ConstrainProportionsScale: 1
  m_Children:
  - {fileID: 5912010283553596639}
  m_Father: {fileID: 3133785038907782056}
  m_LocalEulerAnglesHint: {x: 0, y: 0, z: 0}
  m_AnchorMin: {x: 1, y: 1}
  m_AnchorMax: {x: 1, y: 1}
  m_AnchoredPosition: {x: 0, y: -50}
  m_SizeDelta: {x: 410, y: 216.33}
  m_Pivot: {x: 1, y: 1}
--- !u!222 &4854598424068680881
CanvasRenderer:
  m_ObjectHideFlags: 0
  m_CorrespondingSourceObject: {fileID: 0}
  m_PrefabInstance: {fileID: 0}
  m_PrefabAsset: {fileID: 0}
  m_GameObject: {fileID: 8926016774880558942}
  m_CullTransparentMesh: 1
--- !u!114 &6814588104438210698
MonoBehaviour:
  m_ObjectHideFlags: 0
  m_CorrespondingSourceObject: {fileID: 0}
  m_PrefabInstance: {fileID: 0}
  m_PrefabAsset: {fileID: 0}
  m_GameObject: {fileID: 8926016774880558942}
  m_Enabled: 1
  m_EditorHideFlags: 0
  m_Script: {fileID: 11500000, guid: fe87c0e1cc204ed48ad3b37840f39efc, type: 3}
  m_Name: 
  m_EditorClassIdentifier: 
  m_Material: {fileID: 0}
  m_Color: {r: 0.1764706, g: 0.21176472, b: 0.3019608, a: 0.9019608}
  m_RaycastTarget: 1
  m_RaycastPadding: {x: 0, y: 0, z: 0, w: 0}
  m_Maskable: 1
  m_OnCullStateChanged:
    m_PersistentCalls:
      m_Calls: []
  m_Sprite: {fileID: 10907, guid: 0000000000000000f000000000000000, type: 0}
  m_Type: 1
  m_PreserveAspect: 0
  m_FillCenter: 1
  m_FillMethod: 4
  m_FillAmount: 1
  m_FillClockwise: 1
  m_FillOrigin: 0
  m_UseSpriteMesh: 0
  m_PixelsPerUnitMultiplier: 0.63
--- !u!114 &2572249534031313649
MonoBehaviour:
  m_ObjectHideFlags: 0
  m_CorrespondingSourceObject: {fileID: 0}
  m_PrefabInstance: {fileID: 0}
  m_PrefabAsset: {fileID: 0}
  m_GameObject: {fileID: 8926016774880558942}
  m_Enabled: 1
  m_EditorHideFlags: 0
  m_Script: {fileID: 11500000, guid: 3312d7739989d2b4e91e6319e9a96d76, type: 3}
  m_Name: 
  m_EditorClassIdentifier: 
  m_Padding: {x: 0, y: 3, z: 0, w: 0}
  m_Softness: {x: 0, y: 0}
--- !u!114 &7600235534269413478
MonoBehaviour:
  m_ObjectHideFlags: 0
  m_CorrespondingSourceObject: {fileID: 0}
  m_PrefabInstance: {fileID: 0}
  m_PrefabAsset: {fileID: 0}
  m_GameObject: {fileID: 8926016774880558942}
  m_Enabled: 1
  m_EditorHideFlags: 0
  m_Script: {fileID: 11500000, guid: 3245ec927659c4140ac4f8d17403cc18, type: 3}
  m_Name: 
  m_EditorClassIdentifier: 
  m_HorizontalFit: 0
  m_VerticalFit: 2
--- !u!114 &7914263249912298759
MonoBehaviour:
  m_ObjectHideFlags: 0
  m_CorrespondingSourceObject: {fileID: 0}
  m_PrefabInstance: {fileID: 0}
  m_PrefabAsset: {fileID: 0}
  m_GameObject: {fileID: 8926016774880558942}
  m_Enabled: 1
  m_EditorHideFlags: 0
  m_Script: {fileID: 11500000, guid: 59f8146938fff824cb5fd77236b75775, type: 3}
  m_Name: 
  m_EditorClassIdentifier: 
  m_Padding:
    m_Left: 0
    m_Right: 0
    m_Top: 0
    m_Bottom: 0
  m_ChildAlignment: 1
  m_Spacing: 0
  m_ChildForceExpandWidth: 0
  m_ChildForceExpandHeight: 0
  m_ChildControlWidth: 0
  m_ChildControlHeight: 0
  m_ChildScaleWidth: 0
  m_ChildScaleHeight: 0
  m_ReverseArrangement: 0
--- !u!114 &8943535993812578664
MonoBehaviour:
  m_ObjectHideFlags: 0
  m_CorrespondingSourceObject: {fileID: 0}
  m_PrefabInstance: {fileID: 0}
  m_PrefabAsset: {fileID: 0}
  m_GameObject: {fileID: 8926016774880558942}
  m_Enabled: 1
  m_EditorHideFlags: 0
  m_Script: {fileID: 11500000, guid: 306cc8c2b49d7114eaa3623786fc2126, type: 3}
  m_Name: 
  m_EditorClassIdentifier: 
  m_IgnoreLayout: 1
  m_MinWidth: -1
  m_MinHeight: -1
  m_PreferredWidth: -1
  m_PreferredHeight: -1
  m_FlexibleWidth: -1
  m_FlexibleHeight: -1
  m_LayoutPriority: 1
--- !u!1001 &244449404131282340
PrefabInstance:
  m_ObjectHideFlags: 0
  serializedVersion: 2
  m_Modification:
    serializedVersion: 3
    m_TransformParent: {fileID: 2229341980593335261}
    m_Modifications:
    - target: {fileID: 823631767156613262, guid: 733c2bcb090d7b242820d208d4d11114, type: 3}
      propertyPath: m_text
      value: "\u041F\u0440\u043E\u0441\u0442\u0430\u044F \u0438\u043D\u0441\u0442\u0440\u0443\u043A\u0446\u0438\u044F
        \u043A\u0430\u043A \u0438\u0433\u0440\u0430\u0442\u044C. \n\n\u0412\u0438\u0434
        \u0445\u0438\u0449\u043D\u044B\u0445 \u043C\u043B\u0435\u043A\u043E\u043F\u0438\u0442\u0430\u044E\u0449\u0438\u0445,
        \u043E\u0434\u0438\u043D \u0438\u0437 \u043F\u044F\u0442\u0438 \u043F\u0440\u0435\u0434\u0441\u0442\u0430\u0432\u0438\u0442\u0435\u043B\u0435\u0439
        \u0440\u043E\u0434\u0430 \u043F\u0430\u043D\u0442\u0435\u0440, \u043E\u0442\u043D\u043E\u0441\u044F\u0449\u0435\u0433\u043E\u0441\u044F
        \u043A \u043F\u043E\u0434\u0441\u0435\u043C\u0435\u0439\u0441\u0442\u0432\u0443
        \u0431\u043E\u043B\u044C\u0448\u0438\u0445 \u043A\u043E\u0448\u0435\u043A
        \u0432 \u0441\u043E\u0441\u0442\u0430\u0432\u0435 \u0441\u0435\u043C\u0435\u0439\u0441\u0442\u0432\u0430
        \u043A\u043E\u0448\u0430\u0447\u044C\u0438\u0445. \u041D\u0430\u0440\u044F\u0434\u0443
        \u0441 \u0442\u0438\u0433\u0440\u043E\u043C \u2014 \u0441\u0430\u043C\u0430\u044F
        \u043A\u0440\u0443\u043F\u043D\u0430\u044F \u0438\u0437 \u043D\u044B\u043D\u0435
        \u0436\u0438\u0432\u0443\u0449\u0438\u0445 \u043A\u043E\u0448\u0435\u043A,
        \u043C\u0430\u0441\u0441\u0430 \u043D\u0435\u043A\u043E\u0442\u043E\u0440\u044B\u0445
        \u0441\u0430\u043C\u0446\u043E\u0432 \u043C\u043E\u0436\u0435\u0442 \u0434\u043E\u0441\u0442\u0438\u0433\u0430\u0442\u044C
        250 \u043A\u0433."
      objectReference: {fileID: 0}
    - target: {fileID: 823631767156613262, guid: 733c2bcb090d7b242820d208d4d11114, type: 3}
      propertyPath: m_fontSize
      value: 20
      objectReference: {fileID: 0}
    - target: {fileID: 823631767156613262, guid: 733c2bcb090d7b242820d208d4d11114, type: 3}
      propertyPath: m_margin.w
      value: 5
      objectReference: {fileID: 0}
    - target: {fileID: 823631767156613262, guid: 733c2bcb090d7b242820d208d4d11114, type: 3}
      propertyPath: m_margin.x
      value: 5
      objectReference: {fileID: 0}
    - target: {fileID: 823631767156613262, guid: 733c2bcb090d7b242820d208d4d11114, type: 3}
      propertyPath: m_margin.y
      value: 5
      objectReference: {fileID: 0}
    - target: {fileID: 823631767156613262, guid: 733c2bcb090d7b242820d208d4d11114, type: 3}
      propertyPath: m_margin.z
      value: 5
      objectReference: {fileID: 0}
    - target: {fileID: 823631767156613262, guid: 733c2bcb090d7b242820d208d4d11114, type: 3}
      propertyPath: m_fontSizeMax
      value: 20
      objectReference: {fileID: 0}
    - target: {fileID: 823631767156613262, guid: 733c2bcb090d7b242820d208d4d11114, type: 3}
      propertyPath: m_fontSizeMin
      value: 15
      objectReference: {fileID: 0}
    - target: {fileID: 823631767156613262, guid: 733c2bcb090d7b242820d208d4d11114, type: 3}
      propertyPath: m_VerticalAlignment
      value: 256
      objectReference: {fileID: 0}
    - target: {fileID: 823631767156613262, guid: 733c2bcb090d7b242820d208d4d11114, type: 3}
      propertyPath: m_HorizontalAlignment
      value: 2
      objectReference: {fileID: 0}
    - target: {fileID: 5868150145805592955, guid: 733c2bcb090d7b242820d208d4d11114, type: 3}
      propertyPath: m_Pivot.x
      value: 0.5
      objectReference: {fileID: 0}
    - target: {fileID: 5868150145805592955, guid: 733c2bcb090d7b242820d208d4d11114, type: 3}
      propertyPath: m_Pivot.y
      value: 1
      objectReference: {fileID: 0}
    - target: {fileID: 5868150145805592955, guid: 733c2bcb090d7b242820d208d4d11114, type: 3}
      propertyPath: m_AnchorMax.x
      value: 0
      objectReference: {fileID: 0}
    - target: {fileID: 5868150145805592955, guid: 733c2bcb090d7b242820d208d4d11114, type: 3}
      propertyPath: m_AnchorMax.y
      value: 1
      objectReference: {fileID: 0}
    - target: {fileID: 5868150145805592955, guid: 733c2bcb090d7b242820d208d4d11114, type: 3}
      propertyPath: m_AnchorMin.x
      value: 0
      objectReference: {fileID: 0}
    - target: {fileID: 5868150145805592955, guid: 733c2bcb090d7b242820d208d4d11114, type: 3}
      propertyPath: m_AnchorMin.y
      value: 1
      objectReference: {fileID: 0}
    - target: {fileID: 5868150145805592955, guid: 733c2bcb090d7b242820d208d4d11114, type: 3}
      propertyPath: m_SizeDelta.x
      value: 410
      objectReference: {fileID: 0}
    - target: {fileID: 5868150145805592955, guid: 733c2bcb090d7b242820d208d4d11114, type: 3}
      propertyPath: m_SizeDelta.y
      value: 216.33
      objectReference: {fileID: 0}
    - target: {fileID: 5868150145805592955, guid: 733c2bcb090d7b242820d208d4d11114, type: 3}
      propertyPath: m_LocalPosition.x
      value: 0
      objectReference: {fileID: 0}
    - target: {fileID: 5868150145805592955, guid: 733c2bcb090d7b242820d208d4d11114, type: 3}
      propertyPath: m_LocalPosition.y
      value: 0
      objectReference: {fileID: 0}
    - target: {fileID: 5868150145805592955, guid: 733c2bcb090d7b242820d208d4d11114, type: 3}
      propertyPath: m_LocalPosition.z
      value: 0
      objectReference: {fileID: 0}
    - target: {fileID: 5868150145805592955, guid: 733c2bcb090d7b242820d208d4d11114, type: 3}
      propertyPath: m_LocalRotation.w
      value: 1
      objectReference: {fileID: 0}
    - target: {fileID: 5868150145805592955, guid: 733c2bcb090d7b242820d208d4d11114, type: 3}
      propertyPath: m_LocalRotation.x
      value: -0
      objectReference: {fileID: 0}
    - target: {fileID: 5868150145805592955, guid: 733c2bcb090d7b242820d208d4d11114, type: 3}
      propertyPath: m_LocalRotation.y
      value: -0
      objectReference: {fileID: 0}
    - target: {fileID: 5868150145805592955, guid: 733c2bcb090d7b242820d208d4d11114, type: 3}
      propertyPath: m_LocalRotation.z
      value: -0
      objectReference: {fileID: 0}
    - target: {fileID: 5868150145805592955, guid: 733c2bcb090d7b242820d208d4d11114, type: 3}
      propertyPath: m_AnchoredPosition.x
      value: 205
      objectReference: {fileID: 0}
    - target: {fileID: 5868150145805592955, guid: 733c2bcb090d7b242820d208d4d11114, type: 3}
      propertyPath: m_AnchoredPosition.y
      value: 0
      objectReference: {fileID: 0}
    - target: {fileID: 5868150145805592955, guid: 733c2bcb090d7b242820d208d4d11114, type: 3}
      propertyPath: m_LocalEulerAnglesHint.x
      value: 0
      objectReference: {fileID: 0}
    - target: {fileID: 5868150145805592955, guid: 733c2bcb090d7b242820d208d4d11114, type: 3}
      propertyPath: m_LocalEulerAnglesHint.y
      value: 0
      objectReference: {fileID: 0}
    - target: {fileID: 5868150145805592955, guid: 733c2bcb090d7b242820d208d4d11114, type: 3}
      propertyPath: m_LocalEulerAnglesHint.z
      value: 0
      objectReference: {fileID: 0}
    - target: {fileID: 7356708571434953137, guid: 733c2bcb090d7b242820d208d4d11114, type: 3}
      propertyPath: m_Name
      value: TooltipText
      objectReference: {fileID: 0}
    m_RemovedComponents: []
    m_RemovedGameObjects: []
    m_AddedGameObjects: []
    m_AddedComponents:
    - targetCorrespondingSourceObject: {fileID: 7356708571434953137, guid: 733c2bcb090d7b242820d208d4d11114, type: 3}
      insertIndex: -1
      addedObject: {fileID: 2812311770085663977}
    - targetCorrespondingSourceObject: {fileID: 7356708571434953137, guid: 733c2bcb090d7b242820d208d4d11114, type: 3}
      insertIndex: -1
      addedObject: {fileID: 5830170064840403095}
  m_SourcePrefab: {fileID: 100100000, guid: 733c2bcb090d7b242820d208d4d11114, type: 3}
--- !u!114 &579369829783694634 stripped
MonoBehaviour:
  m_CorrespondingSourceObject: {fileID: 823631767156613262, guid: 733c2bcb090d7b242820d208d4d11114, type: 3}
  m_PrefabInstance: {fileID: 244449404131282340}
  m_PrefabAsset: {fileID: 0}
  m_GameObject: {fileID: 7312774903923385365}
  m_Enabled: 1
  m_EditorHideFlags: 0
  m_Script: {fileID: 11500000, guid: f4688fdb7df04437aeb418b961361dc5, type: 3}
  m_Name: 
  m_EditorClassIdentifier: 
--- !u!224 &5912010283553596639 stripped
RectTransform:
  m_CorrespondingSourceObject: {fileID: 5868150145805592955, guid: 733c2bcb090d7b242820d208d4d11114, type: 3}
  m_PrefabInstance: {fileID: 244449404131282340}
  m_PrefabAsset: {fileID: 0}
--- !u!1 &7312774903923385365 stripped
GameObject:
  m_CorrespondingSourceObject: {fileID: 7356708571434953137, guid: 733c2bcb090d7b242820d208d4d11114, type: 3}
  m_PrefabInstance: {fileID: 244449404131282340}
  m_PrefabAsset: {fileID: 0}
--- !u!114 &2812311770085663977
MonoBehaviour:
  m_ObjectHideFlags: 0
  m_CorrespondingSourceObject: {fileID: 0}
  m_PrefabInstance: {fileID: 0}
  m_PrefabAsset: {fileID: 0}
  m_GameObject: {fileID: 7312774903923385365}
  m_Enabled: 1
  m_EditorHideFlags: 0
  m_Script: {fileID: 11500000, guid: 56eb0353ae6e5124bb35b17aff880f16, type: 3}
  m_Name: 
  m_EditorClassIdentifier: 
  m_StringReference:
    m_TableReference:
      m_TableCollectionName: GUID:724295ecca24ea24482f12fee582daab
    m_TableEntryReference:
      m_KeyId: 2434715442409472
      m_Key: 
    m_FallbackState: 0
    m_WaitForCompletion: 0
    m_LocalVariables: []
  m_FormatArguments: []
  m_UpdateString:
    m_PersistentCalls:
      m_Calls:
      - m_Target: {fileID: 579369829783694634}
        m_TargetAssemblyTypeName: TMPro.TMP_Text, Unity.TextMeshPro
        m_MethodName: set_text
        m_Mode: 0
        m_Arguments:
          m_ObjectArgument: {fileID: 0}
          m_ObjectArgumentAssemblyTypeName: UnityEngine.Object, UnityEngine
          m_IntArgument: 0
          m_FloatArgument: 0
          m_StringArgument: 
          m_BoolArgument: 0
        m_CallState: 2
  references:
    version: 2
    RefIds: []
--- !u!114 &5830170064840403095
MonoBehaviour:
  m_ObjectHideFlags: 0
  m_CorrespondingSourceObject: {fileID: 0}
  m_PrefabInstance: {fileID: 0}
  m_PrefabAsset: {fileID: 0}
  m_GameObject: {fileID: 7312774903923385365}
  m_Enabled: 1
  m_EditorHideFlags: 0
  m_Script: {fileID: 11500000, guid: 3245ec927659c4140ac4f8d17403cc18, type: 3}
  m_Name: 
  m_EditorClassIdentifier: 
  m_HorizontalFit: 0
  m_VerticalFit: 2
--- !u!1001 &1925742616912806190
PrefabInstance:
  m_ObjectHideFlags: 0
  serializedVersion: 2
  m_Modification:
    serializedVersion: 3
    m_TransformParent: {fileID: 5721044694479103901}
    m_Modifications:
    - target: {fileID: 5868150145805592955, guid: 733c2bcb090d7b242820d208d4d11114, type: 3}
      propertyPath: m_Pivot.x
      value: 1
      objectReference: {fileID: 0}
    - target: {fileID: 5868150145805592955, guid: 733c2bcb090d7b242820d208d4d11114, type: 3}
      propertyPath: m_Pivot.y
      value: 0.5
      objectReference: {fileID: 0}
    - target: {fileID: 5868150145805592955, guid: 733c2bcb090d7b242820d208d4d11114, type: 3}
      propertyPath: m_AnchorMax.x
      value: 1
      objectReference: {fileID: 0}
    - target: {fileID: 5868150145805592955, guid: 733c2bcb090d7b242820d208d4d11114, type: 3}
      propertyPath: m_AnchorMax.y
      value: 0.5
      objectReference: {fileID: 0}
    - target: {fileID: 5868150145805592955, guid: 733c2bcb090d7b242820d208d4d11114, type: 3}
      propertyPath: m_AnchorMin.x
      value: 1
      objectReference: {fileID: 0}
    - target: {fileID: 5868150145805592955, guid: 733c2bcb090d7b242820d208d4d11114, type: 3}
      propertyPath: m_AnchorMin.y
      value: 0.5
      objectReference: {fileID: 0}
    - target: {fileID: 5868150145805592955, guid: 733c2bcb090d7b242820d208d4d11114, type: 3}
      propertyPath: m_SizeDelta.x
      value: 130
      objectReference: {fileID: 0}
    - target: {fileID: 5868150145805592955, guid: 733c2bcb090d7b242820d208d4d11114, type: 3}
      propertyPath: m_SizeDelta.y
      value: 28
      objectReference: {fileID: 0}
    - target: {fileID: 5868150145805592955, guid: 733c2bcb090d7b242820d208d4d11114, type: 3}
      propertyPath: m_LocalPosition.x
      value: 0
      objectReference: {fileID: 0}
    - target: {fileID: 5868150145805592955, guid: 733c2bcb090d7b242820d208d4d11114, type: 3}
      propertyPath: m_LocalPosition.y
      value: 0
      objectReference: {fileID: 0}
    - target: {fileID: 5868150145805592955, guid: 733c2bcb090d7b242820d208d4d11114, type: 3}
      propertyPath: m_LocalPosition.z
      value: 0
      objectReference: {fileID: 0}
    - target: {fileID: 5868150145805592955, guid: 733c2bcb090d7b242820d208d4d11114, type: 3}
      propertyPath: m_LocalRotation.w
      value: 1
      objectReference: {fileID: 0}
    - target: {fileID: 5868150145805592955, guid: 733c2bcb090d7b242820d208d4d11114, type: 3}
      propertyPath: m_LocalRotation.x
      value: 0
      objectReference: {fileID: 0}
    - target: {fileID: 5868150145805592955, guid: 733c2bcb090d7b242820d208d4d11114, type: 3}
      propertyPath: m_LocalRotation.y
      value: 0
      objectReference: {fileID: 0}
    - target: {fileID: 5868150145805592955, guid: 733c2bcb090d7b242820d208d4d11114, type: 3}
      propertyPath: m_LocalRotation.z
      value: 0
      objectReference: {fileID: 0}
    - target: {fileID: 5868150145805592955, guid: 733c2bcb090d7b242820d208d4d11114, type: 3}
      propertyPath: m_AnchoredPosition.x
      value: 0
      objectReference: {fileID: 0}
    - target: {fileID: 5868150145805592955, guid: 733c2bcb090d7b242820d208d4d11114, type: 3}
      propertyPath: m_AnchoredPosition.y
      value: 0
      objectReference: {fileID: 0}
    - target: {fileID: 5868150145805592955, guid: 733c2bcb090d7b242820d208d4d11114, type: 3}
      propertyPath: m_LocalEulerAnglesHint.x
      value: 0
      objectReference: {fileID: 0}
    - target: {fileID: 5868150145805592955, guid: 733c2bcb090d7b242820d208d4d11114, type: 3}
      propertyPath: m_LocalEulerAnglesHint.y
      value: 0
      objectReference: {fileID: 0}
    - target: {fileID: 5868150145805592955, guid: 733c2bcb090d7b242820d208d4d11114, type: 3}
      propertyPath: m_LocalEulerAnglesHint.z
      value: 0
      objectReference: {fileID: 0}
    - target: {fileID: 7356708571434953137, guid: 733c2bcb090d7b242820d208d4d11114, type: 3}
      propertyPath: m_Name
      value: CoinsAmountText
      objectReference: {fileID: 0}
    m_RemovedComponents: []
    m_RemovedGameObjects: []
    m_AddedGameObjects: []
    m_AddedComponents: []
  m_SourcePrefab: {fileID: 100100000, guid: 733c2bcb090d7b242820d208d4d11114, type: 3}
--- !u!224 &5464634098566654037 stripped
RectTransform:
  m_CorrespondingSourceObject: {fileID: 5868150145805592955, guid: 733c2bcb090d7b242820d208d4d11114, type: 3}
  m_PrefabInstance: {fileID: 1925742616912806190}
  m_PrefabAsset: {fileID: 0}
--- !u!1001 &3226282115594402254
PrefabInstance:
  m_ObjectHideFlags: 0
  serializedVersion: 2
  m_Modification:
    serializedVersion: 3
    m_TransformParent: {fileID: 2540391592635159618}
    m_Modifications:
    - target: {fileID: 1393178113141008167, guid: a5b99bf6479a58e448a6342b123a6bc0, type: 3}
      propertyPath: m_Controller
      value: 
      objectReference: {fileID: 9100000, guid: a4abe2903b4d75e4988d1a585d339831, type: 2}
    - target: {fileID: 3215387555297035703, guid: a5b99bf6479a58e448a6342b123a6bc0, type: 3}
      propertyPath: m_Name
      value: AudioMute
      objectReference: {fileID: 0}
    - target: {fileID: 3387341207977462974, guid: a5b99bf6479a58e448a6342b123a6bc0, type: 3}
      propertyPath: m_Sprite
      value: 
      objectReference: {fileID: 21300000, guid: d1e264cb2ad813847b9eb786b3369a42, type: 3}
    - target: {fileID: 4421323737614991045, guid: a5b99bf6479a58e448a6342b123a6bc0, type: 3}
      propertyPath: m_Name
      value: EnabledImage
      objectReference: {fileID: 0}
    - target: {fileID: 4421323737614991045, guid: a5b99bf6479a58e448a6342b123a6bc0, type: 3}
      propertyPath: m_IsActive
      value: 1
      objectReference: {fileID: 0}
    - target: {fileID: 4963433888598145973, guid: a5b99bf6479a58e448a6342b123a6bc0, type: 3}
      propertyPath: m_Pivot.x
      value: 0.5
      objectReference: {fileID: 0}
    - target: {fileID: 4963433888598145973, guid: a5b99bf6479a58e448a6342b123a6bc0, type: 3}
      propertyPath: m_Pivot.y
      value: 0.5
      objectReference: {fileID: 0}
    - target: {fileID: 4963433888598145973, guid: a5b99bf6479a58e448a6342b123a6bc0, type: 3}
      propertyPath: m_AnchorMax.x
      value: 0.5
      objectReference: {fileID: 0}
    - target: {fileID: 4963433888598145973, guid: a5b99bf6479a58e448a6342b123a6bc0, type: 3}
      propertyPath: m_AnchorMax.y
      value: 0.5
      objectReference: {fileID: 0}
    - target: {fileID: 4963433888598145973, guid: a5b99bf6479a58e448a6342b123a6bc0, type: 3}
      propertyPath: m_AnchorMin.x
      value: 0.5
      objectReference: {fileID: 0}
    - target: {fileID: 4963433888598145973, guid: a5b99bf6479a58e448a6342b123a6bc0, type: 3}
      propertyPath: m_AnchorMin.y
      value: 0.5
      objectReference: {fileID: 0}
    - target: {fileID: 4963433888598145973, guid: a5b99bf6479a58e448a6342b123a6bc0, type: 3}
      propertyPath: m_SizeDelta.x
      value: 14
      objectReference: {fileID: 0}
    - target: {fileID: 4963433888598145973, guid: a5b99bf6479a58e448a6342b123a6bc0, type: 3}
      propertyPath: m_SizeDelta.y
      value: 24
      objectReference: {fileID: 0}
    - target: {fileID: 4963433888598145973, guid: a5b99bf6479a58e448a6342b123a6bc0, type: 3}
      propertyPath: m_LocalPosition.x
      value: 0
      objectReference: {fileID: 0}
    - target: {fileID: 4963433888598145973, guid: a5b99bf6479a58e448a6342b123a6bc0, type: 3}
      propertyPath: m_LocalPosition.y
      value: 0
      objectReference: {fileID: 0}
    - target: {fileID: 4963433888598145973, guid: a5b99bf6479a58e448a6342b123a6bc0, type: 3}
      propertyPath: m_LocalPosition.z
      value: 0
      objectReference: {fileID: 0}
    - target: {fileID: 4963433888598145973, guid: a5b99bf6479a58e448a6342b123a6bc0, type: 3}
      propertyPath: m_LocalRotation.w
      value: 1
      objectReference: {fileID: 0}
    - target: {fileID: 4963433888598145973, guid: a5b99bf6479a58e448a6342b123a6bc0, type: 3}
      propertyPath: m_LocalRotation.x
      value: -0
      objectReference: {fileID: 0}
    - target: {fileID: 4963433888598145973, guid: a5b99bf6479a58e448a6342b123a6bc0, type: 3}
      propertyPath: m_LocalRotation.y
      value: -0
      objectReference: {fileID: 0}
    - target: {fileID: 4963433888598145973, guid: a5b99bf6479a58e448a6342b123a6bc0, type: 3}
      propertyPath: m_LocalRotation.z
      value: -0
      objectReference: {fileID: 0}
    - target: {fileID: 4963433888598145973, guid: a5b99bf6479a58e448a6342b123a6bc0, type: 3}
      propertyPath: m_AnchoredPosition.x
      value: 0
      objectReference: {fileID: 0}
    - target: {fileID: 4963433888598145973, guid: a5b99bf6479a58e448a6342b123a6bc0, type: 3}
      propertyPath: m_AnchoredPosition.y
      value: 0
      objectReference: {fileID: 0}
    - target: {fileID: 4963433888598145973, guid: a5b99bf6479a58e448a6342b123a6bc0, type: 3}
      propertyPath: m_LocalEulerAnglesHint.x
      value: 0
      objectReference: {fileID: 0}
    - target: {fileID: 4963433888598145973, guid: a5b99bf6479a58e448a6342b123a6bc0, type: 3}
      propertyPath: m_LocalEulerAnglesHint.y
      value: 0
      objectReference: {fileID: 0}
    - target: {fileID: 4963433888598145973, guid: a5b99bf6479a58e448a6342b123a6bc0, type: 3}
      propertyPath: m_LocalEulerAnglesHint.z
      value: 0
      objectReference: {fileID: 0}
    - target: {fileID: 4963433888598145973, guid: a5b99bf6479a58e448a6342b123a6bc0, type: 3}
      propertyPath: m_ConstrainProportionsScale
      value: 1
      objectReference: {fileID: 0}
    - target: {fileID: 8798997650228072256, guid: a5b99bf6479a58e448a6342b123a6bc0, type: 3}
      propertyPath: m_SizeDelta.x
      value: 12
      objectReference: {fileID: 0}
    - target: {fileID: 8798997650228072256, guid: a5b99bf6479a58e448a6342b123a6bc0, type: 3}
      propertyPath: m_SizeDelta.y
      value: 18
      objectReference: {fileID: 0}
    - target: {fileID: 8798997650228072256, guid: a5b99bf6479a58e448a6342b123a6bc0, type: 3}
      propertyPath: m_LocalScale.x
      value: 1
      objectReference: {fileID: 0}
    - target: {fileID: 8798997650228072256, guid: a5b99bf6479a58e448a6342b123a6bc0, type: 3}
      propertyPath: m_LocalScale.y
      value: 1
      objectReference: {fileID: 0}
    - target: {fileID: 8798997650228072256, guid: a5b99bf6479a58e448a6342b123a6bc0, type: 3}
      propertyPath: m_LocalScale.z
      value: 1
      objectReference: {fileID: 0}
    m_RemovedComponents: []
    m_RemovedGameObjects: []
    m_AddedGameObjects:
    - targetCorrespondingSourceObject: {fileID: 4963433888598145973, guid: a5b99bf6479a58e448a6342b123a6bc0, type: 3}
      insertIndex: -1
      addedObject: {fileID: 4208930167089415946}
    - targetCorrespondingSourceObject: {fileID: 4963433888598145973, guid: a5b99bf6479a58e448a6342b123a6bc0, type: 3}
      insertIndex: -1
      addedObject: {fileID: 5203779206066832127}
    m_AddedComponents:
    - targetCorrespondingSourceObject: {fileID: 3215387555297035703, guid: a5b99bf6479a58e448a6342b123a6bc0, type: 3}
      insertIndex: -1
      addedObject: {fileID: 1050049736446668569}
  m_SourcePrefab: {fileID: 100100000, guid: a5b99bf6479a58e448a6342b123a6bc0, type: 3}
--- !u!1 &25147546993310841 stripped
GameObject:
  m_CorrespondingSourceObject: {fileID: 3215387555297035703, guid: a5b99bf6479a58e448a6342b123a6bc0, type: 3}
  m_PrefabInstance: {fileID: 3226282115594402254}
  m_PrefabAsset: {fileID: 0}
--- !u!114 &1050049736446668569
MonoBehaviour:
  m_ObjectHideFlags: 0
  m_CorrespondingSourceObject: {fileID: 0}
  m_PrefabInstance: {fileID: 0}
  m_PrefabAsset: {fileID: 0}
  m_GameObject: {fileID: 25147546993310841}
  m_Enabled: 1
  m_EditorHideFlags: 0
  m_Script: {fileID: 11500000, guid: 1d0ed9527fb699a4bb6e4e4eb9c8ed3c, type: 3}
  m_Name: 
  m_EditorClassIdentifier: 
  EnabledImage: {fileID: 1269378469980538635}
  DisabledImage: {fileID: 6935534667899515177}
--- !u!1 &1269378469980538635 stripped
GameObject:
  m_CorrespondingSourceObject: {fileID: 4421323737614991045, guid: a5b99bf6479a58e448a6342b123a6bc0, type: 3}
  m_PrefabInstance: {fileID: 3226282115594402254}
  m_PrefabAsset: {fileID: 0}
--- !u!224 &7505150572726846075 stripped
RectTransform:
  m_CorrespondingSourceObject: {fileID: 4963433888598145973, guid: a5b99bf6479a58e448a6342b123a6bc0, type: 3}
  m_PrefabInstance: {fileID: 3226282115594402254}
  m_PrefabAsset: {fileID: 0}
--- !u!1001 &6216798693924221905
PrefabInstance:
  m_ObjectHideFlags: 0
  serializedVersion: 2
  m_Modification:
    serializedVersion: 3
    m_TransformParent: {fileID: 3133785038907782056}
    m_Modifications:
    - target: {fileID: 823631767156613262, guid: 733c2bcb090d7b242820d208d4d11114, type: 3}
      propertyPath: m_text
      value: "\u041A\u0430\u043A \u0438\u0433\u0440\u0430\u0442\u044C"
      objectReference: {fileID: 0}
    - target: {fileID: 823631767156613262, guid: 733c2bcb090d7b242820d208d4d11114, type: 3}
      propertyPath: m_fontSize
      value: 23
      objectReference: {fileID: 0}
    - target: {fileID: 823631767156613262, guid: 733c2bcb090d7b242820d208d4d11114, type: 3}
      propertyPath: m_fontSizeMin
      value: 10
      objectReference: {fileID: 0}
    - target: {fileID: 823631767156613262, guid: 733c2bcb090d7b242820d208d4d11114, type: 3}
      propertyPath: m_HorizontalAlignment
      value: 2
      objectReference: {fileID: 0}
    - target: {fileID: 5868150145805592955, guid: 733c2bcb090d7b242820d208d4d11114, type: 3}
      propertyPath: m_Pivot.x
      value: 1
      objectReference: {fileID: 0}
    - target: {fileID: 5868150145805592955, guid: 733c2bcb090d7b242820d208d4d11114, type: 3}
      propertyPath: m_Pivot.y
      value: 0.5
      objectReference: {fileID: 0}
    - target: {fileID: 5868150145805592955, guid: 733c2bcb090d7b242820d208d4d11114, type: 3}
      propertyPath: m_AnchorMax.x
      value: 1
      objectReference: {fileID: 0}
    - target: {fileID: 5868150145805592955, guid: 733c2bcb090d7b242820d208d4d11114, type: 3}
      propertyPath: m_AnchorMax.y
      value: 0.5
      objectReference: {fileID: 0}
    - target: {fileID: 5868150145805592955, guid: 733c2bcb090d7b242820d208d4d11114, type: 3}
      propertyPath: m_AnchorMin.x
      value: 1
      objectReference: {fileID: 0}
    - target: {fileID: 5868150145805592955, guid: 733c2bcb090d7b242820d208d4d11114, type: 3}
      propertyPath: m_AnchorMin.y
      value: 0.5
      objectReference: {fileID: 0}
    - target: {fileID: 5868150145805592955, guid: 733c2bcb090d7b242820d208d4d11114, type: 3}
      propertyPath: m_SizeDelta.x
      value: 130
      objectReference: {fileID: 0}
    - target: {fileID: 5868150145805592955, guid: 733c2bcb090d7b242820d208d4d11114, type: 3}
      propertyPath: m_SizeDelta.y
      value: 28
      objectReference: {fileID: 0}
    - target: {fileID: 5868150145805592955, guid: 733c2bcb090d7b242820d208d4d11114, type: 3}
      propertyPath: m_LocalPosition.x
      value: 0
      objectReference: {fileID: 0}
    - target: {fileID: 5868150145805592955, guid: 733c2bcb090d7b242820d208d4d11114, type: 3}
      propertyPath: m_LocalPosition.y
      value: 0
      objectReference: {fileID: 0}
    - target: {fileID: 5868150145805592955, guid: 733c2bcb090d7b242820d208d4d11114, type: 3}
      propertyPath: m_LocalPosition.z
      value: 0
      objectReference: {fileID: 0}
    - target: {fileID: 5868150145805592955, guid: 733c2bcb090d7b242820d208d4d11114, type: 3}
      propertyPath: m_LocalRotation.w
      value: 1
      objectReference: {fileID: 0}
    - target: {fileID: 5868150145805592955, guid: 733c2bcb090d7b242820d208d4d11114, type: 3}
      propertyPath: m_LocalRotation.x
      value: 0
      objectReference: {fileID: 0}
    - target: {fileID: 5868150145805592955, guid: 733c2bcb090d7b242820d208d4d11114, type: 3}
      propertyPath: m_LocalRotation.y
      value: 0
      objectReference: {fileID: 0}
    - target: {fileID: 5868150145805592955, guid: 733c2bcb090d7b242820d208d4d11114, type: 3}
      propertyPath: m_LocalRotation.z
      value: 0
      objectReference: {fileID: 0}
    - target: {fileID: 5868150145805592955, guid: 733c2bcb090d7b242820d208d4d11114, type: 3}
      propertyPath: m_AnchoredPosition.x
      value: 0
      objectReference: {fileID: 0}
    - target: {fileID: 5868150145805592955, guid: 733c2bcb090d7b242820d208d4d11114, type: 3}
      propertyPath: m_AnchoredPosition.y
      value: 0
      objectReference: {fileID: 0}
    - target: {fileID: 5868150145805592955, guid: 733c2bcb090d7b242820d208d4d11114, type: 3}
      propertyPath: m_LocalEulerAnglesHint.x
      value: 0
      objectReference: {fileID: 0}
    - target: {fileID: 5868150145805592955, guid: 733c2bcb090d7b242820d208d4d11114, type: 3}
      propertyPath: m_LocalEulerAnglesHint.y
      value: 0
      objectReference: {fileID: 0}
    - target: {fileID: 5868150145805592955, guid: 733c2bcb090d7b242820d208d4d11114, type: 3}
      propertyPath: m_LocalEulerAnglesHint.z
      value: 0
      objectReference: {fileID: 0}
    - target: {fileID: 7356708571434953137, guid: 733c2bcb090d7b242820d208d4d11114, type: 3}
      propertyPath: m_Name
      value: QuestionText
      objectReference: {fileID: 0}
    m_RemovedComponents: []
    m_RemovedGameObjects: []
    m_AddedGameObjects: []
    m_AddedComponents:
    - targetCorrespondingSourceObject: {fileID: 7356708571434953137, guid: 733c2bcb090d7b242820d208d4d11114, type: 3}
      insertIndex: -1
      addedObject: {fileID: 1474310238493872312}
  m_SourcePrefab: {fileID: 100100000, guid: 733c2bcb090d7b242820d208d4d11114, type: 3}
--- !u!224 &516042652212337322 stripped
RectTransform:
  m_CorrespondingSourceObject: {fileID: 5868150145805592955, guid: 733c2bcb090d7b242820d208d4d11114, type: 3}
  m_PrefabInstance: {fileID: 6216798693924221905}
  m_PrefabAsset: {fileID: 0}
--- !u!1 &3485440927261301344 stripped
GameObject:
  m_CorrespondingSourceObject: {fileID: 7356708571434953137, guid: 733c2bcb090d7b242820d208d4d11114, type: 3}
  m_PrefabInstance: {fileID: 6216798693924221905}
  m_PrefabAsset: {fileID: 0}
--- !u!114 &1474310238493872312
MonoBehaviour:
  m_ObjectHideFlags: 0
  m_CorrespondingSourceObject: {fileID: 0}
  m_PrefabInstance: {fileID: 0}
  m_PrefabAsset: {fileID: 0}
  m_GameObject: {fileID: 3485440927261301344}
  m_Enabled: 1
  m_EditorHideFlags: 0
  m_Script: {fileID: 11500000, guid: 56eb0353ae6e5124bb35b17aff880f16, type: 3}
  m_Name: 
  m_EditorClassIdentifier: 
  m_StringReference:
    m_TableReference:
      m_TableCollectionName: GUID:724295ecca24ea24482f12fee582daab
    m_TableEntryReference:
      m_KeyId: 2299972843401216
      m_Key: 
    m_FallbackState: 0
    m_WaitForCompletion: 0
    m_LocalVariables: []
  m_FormatArguments: []
  m_UpdateString:
    m_PersistentCalls:
      m_Calls:
      - m_Target: {fileID: 6712793104097727327}
        m_TargetAssemblyTypeName: TMPro.TMP_Text, Unity.TextMeshPro
        m_MethodName: set_text
        m_Mode: 0
        m_Arguments:
          m_ObjectArgument: {fileID: 0}
          m_ObjectArgumentAssemblyTypeName: UnityEngine.Object, UnityEngine
          m_IntArgument: 0
          m_FloatArgument: 0
          m_StringArgument: 
          m_BoolArgument: 0
        m_CallState: 2
  references:
    version: 2
    RefIds: []
--- !u!114 &6712793104097727327 stripped
MonoBehaviour:
  m_CorrespondingSourceObject: {fileID: 823631767156613262, guid: 733c2bcb090d7b242820d208d4d11114, type: 3}
  m_PrefabInstance: {fileID: 6216798693924221905}
  m_PrefabAsset: {fileID: 0}
  m_GameObject: {fileID: 3485440927261301344}
  m_Enabled: 1
  m_EditorHideFlags: 0
  m_Script: {fileID: 11500000, guid: f4688fdb7df04437aeb418b961361dc5, type: 3}
  m_Name: 
  m_EditorClassIdentifier: 
